3210 4666
1269 239 1293 312 5

227 442 282 520 (11.
310 447 383 516 128)
398 444 590 504 interfectum
613 464 690 519 esse,
713 444 742 505 id
759 447 919 524 propterea
934 445 1071 505 ueritatis
1086 446 1187 528 specie
1202 447 1293 521 caret,

227 547 307 626 quod
331 544 461 626 Sejanus
483 567 543 608 non
566 550 720 626 tamquam
741 546 853 626 Velleji
875 547 928 606 sed
952 545 1064 608 Tiberii
1086 547 1202 608 amicus
1216 550 1294 609 cele

227 649 339 725 bratur,
362 654 393 710 et
408 649 554 725 Vinicius,
569 649 617 710 cui
633 653 737 710 auctor
751 649 862 710 librum
877 649 1039 725 dedicarit,
1059 655 1165 730 postea
1179 651 1294 712 honore

227 752 337 831 dignus
366 752 486 813 habitus
508 755 565 828 est,
594 753 646 832 qui
668 751 789 827 Juliam‚
817 747 990 814 Germanici
1018 753 1112 814 filiam
1139 753 1170 814 in
1193 755 1293 815 matri·
1363 769 1365 778 ¹

227 853 360 916 monium
385 855 515 915 duceret.
539 853 621 930 (rao.
644 873 712 916 ann.
736 858 763 929 6,
788 857 848 928 15.)

310 957 357 1018 De
378 956 511 1032 oonsilio,
534 956 612 1037 quod
628 955 769 1037 Velleius
791 957 821 1018 in
845 975 935 1039 opere
951 958 1132 1020 elaborando
1148 958 1206 1021 sibi
1227 977 1294 1039 pro·

226 1061 369 1142 posuerit,
399 1060 536 1122 homines
565 1059 645 1122 docti
673 1059 864 1123 dissentiunt.
917 1059 1003 1139 Sunt,
1034 1062 1086 1142 qui
1108 1061 1293 1137 existiment,

223 1163 343 1244 jussum
374 1182 443 1224 eum
471 1161 630 1224 aTiberio
657 1161 738 1222 hunc
765 1163 903 1224 libellum
930 1164 1096 1245 scripsisse,
1119 1164 1161 1226 ita
1184 1169 1294 1241 tamen,

227 1272 261 1326 ut
282 1265 359 1327 liber
380 1265 594 1346 gratulalorius
616 1283 684 1326 esse
706 1265 870 1328 videretur.
913 1265 1003 1336 Quod
1026 1267 1051 1328 si
1074 1286 1180 1328 verum
1203 1271 1293 1344 esset,

227 1369 309 1450 prior
336 1367 480 1430 historiae
508 1386 578 1449 pars
607 1388 668 1429 non
691 1386 767 1444 eam,
798 1388 888 1448 quam
918 1369 1020 1432 inesse
1049 1371 1155 1449 negari
1179 1372 1293 1450 nequit,
1387 1381 1390 1388 '

227 1472 471 1554 praeseferret
495 1470 614 1532 dicendi
643 1470 822 1532 libertatem.
868 1472 917 1534 Ita
938 1473 1054 1533 bellum
1077 1492 1144 1534 cum
1167 1471 1294 1535 Cartha-

227 1575 414 1656 giniensibus
438 1576 559 1637 tertinm
575 1593 635 1635 non
650 1593 690 1635 ex
712 1573 749 1634 iis
764 1578 863 1635 ortum
883 1593 951 1635 esse
966 1574 1047 1650 dicit,
1070 1593 1148 1656 quae
1162 1578 1241 1638 falsa
1256 1578 1294 1638 de

228 1677 528 1758 Carthaginiensibus
544 1675 816 1752 circumferrentur,
833 1678 886 1738 sed
903 1677 983 1757 quod
998 1677 1129 1739 delenda
1139 1677 1293 1759 Carthago

227 1803 296 1843 esse
317 1781 480 1842 videretur.
504 1779 530 1842 Ι,
554 1782 593 1840 12
616 1783 644 1840 2.
667 1777 817 1840 Servilius
839 1779 1080 1861 reprehenditur,
1103 1782 1155 1861 qui
1177 1782 1292 1858 fraude,

227 1904 287 1946 non
301 1883 414 1946 virtute
430 1879 602 1943 Viriathum
616 1881 802 1943 interfecerit
816 1881 860 1944 ll.
878 1888 905 1958 1,
922 1888 953 1955 33
976 1881 1008 1943 in
1022 1883 1116 1944 duces
1130 1883 1293 1960 invehitur,

226 1987 360 2049 maxime
382 1983 569 2066 Pompejum‚
599 1985 651 2064 qui
679 1989 802 2065 propter
830 1984 1020 2045 inscientiam
1049 1985 1203 2047 debellare
1233 2005 1293 2046 non

226 2090 387 2171 potuerint,
410 2088 466 2148 sed
493 2087 530 2148 ad
539 2086 716 2167 turpissima
736 2086 861 2148 foedera
882 2084 1067 2148 aLusitanis
1090 2087 1211 2149 deducti
1226 2089 1295 2149 sint.

227 2194 271 2254 II.
294 2196 356 2268 1,4
378 2195 499 2254 notatur
513 2195 646 2267 senatus,
669 2189 721 2270 qui
735 2189 914 2270 Pompejum
935 2188 1116 2268 impunitum
1138 2191 1294 2256 dimiserit.

228 2295 377 2357 Nobilitas
406 2296 605 2376 vituperatur,
638 2293 719 2373 quod
749 2295 781 2353 et
801 2291 914 2371 injuste
943 2295 974 2352 et
1002 2291 1068 2352 sine
1090 2293 1230 2354 utilitatis
1251 2294 1295 2354 in-

227 2397 397 2478 telligentia
418 2398 506 2459 sociis
529 2398 645 2458 Italicis
660 2396 814 2458 civitatem
837 2395 1003 2474 negaverit.
1026 2429 1068 2440 —-
1090 2394 1158 2456 Jam
1181 2398 1296 2458 verosi

228 2502 332 2581 negari
354 2501 468 2580 nequit,
502 2502 532 2561 in
557 2498 723 2580 posteriore
745 2497 888 2559 historiae
908 2502 995 2576 parte
1016 2497 1145 2558 auctoris
1167 2497 1295 2560 admira-

226 2603 338 2666 tionem
370 2603 401 2664 in
434 2602 481 2679 iis,
514 2620 592 2681 quae
624 2600 663 2660 ad
690 2598 862 2676 Gaesarem,
897 2596 1107 2676 Octavianum,
1140 2598 1294 2661 'l'iberinm

227 2709 373 2788 spectant,
388 2723 448 2765 uon
460 2705 559 2764 solum
574 2702 723 2782 gradatim
739 2693 884 2778 crescere,
899 2701 954 2762 sed
969 2720 1073 2763 eorum
1088 2702 1179 2763 etiam
1195 2703 1295 2783 turpia

226 2809 306 2870 faeta
334 2810 386 2868 aut
415 2805 527 2869 callida
555 2805 690 2866 oratione
710 2804 783 2883 tegi,
813 2807 866 2865 aut
887 2823 941 2883 pro
969 2804 1100 2883 egregiis
1128 2804 1292 2866 venditari:

225 2911 315 2992 hujus
343 2911 387 2971 rei
417 2909 533 2970 nullam
556 2925 676 2968 eausam
699 2905 806 2968 afferre
828 2926 1001 2988 possumus,
1031 2908 1089 2968 nisi
1112 2910 1201 2988 quod,
1224 2929 1292 2970 curn
1414 2981 1416 2985 .

157 3046 175 3060 κ
223 3013 437 3088 intellexisset,
468 3007 631 3072 Caesarem
653 3009 783 3091 primum
806 3011 963 3092 antiquum
985 3029 1087 3071 rerum
1116 3013 1228 3072 statum
1250 3012 1294 3072 ita

224 3117 401 3196 perdidisse,
431 3119 465 3174 ut
493 3133 581 3175 nemo
609 3117 716 3194 postea
744 3133 814 3173 eum
843 3113 1004 3174 restituere
1032 3118 1136 3194 posset
1165 3117 1197 3174 et
1225 3114 1292 3194 ipse

224 3217 345 3292 Tiberii,
375 3218 481 3298 quiin
504 3217 571 3297 ejus
593 3217 752 3297 imperium
775 3217 932 3291 successit,
962 3218 1080 3278 assecla
1102 3221 1192 3293 esset,
1216 3220 1291 3278 tem-

222 3322 346 3402 poribus
373 3321 437 3401 jam
467 3320 661 3381 serviendum
684 3321 716 3380 et
738 3337 826 3379 suum
849 3320 887 3380 de
908 3339 942 3380 re
963 3319 1085 3399 publica
1113 3319 1291 3380 mutandum

223 3423 411 3486 existimavit
439 3422 594 3504 judicium.
646 3420 737 3492 Quod
770 3441 862 3502 qnam
894 3441 967 3483 vere
997 3421 1110 3482 dietum
1139 3422 1187 3497 sit,
1224 3424 1290 3483 loco

223 3528 443 3608 comprobatur,
473 3525 560 3605 cujus
590 3526 688 3586 adhuc
710 3543 875 3586 memorem
901 3525 996 3585 fuisse
1018 3524 1107 3586 video
1129 3525 1290 3602 nominem,

223 3631 304 3691 unde
333 3635 443 3705 tamen,
473 3646 563 3710 quam
593 3629 721 3710 scriptor
749 3628 779 3689 in
804 3627 960 3710 republica
989 3628 1136 3689 rationem
1167 3631 1290 3688 secutus

223 3733 271 3808 sit,
303 3732 415 3811 optime
441 3735 576 3812 apparet.
620 3731 657 3793 ef.
681 3731 724 3793 ΙΙ.
748 3733 797 3807 49,
820 3735 849 3793 4.
878 3731 926 3791 vir
956 3731 1097 3811 antiquus
1127 3733 1158 3792 et
1186 3732 1290 3811 grauis

223 3835 359 3915 Pompeji
376 3838 480 3916 partes
496 3834 635 3894 laudaret
649 3835 755 3914 magis,
771 3834 905 3916 prudens
917 3840 1095 3914 sequeretur
1107 3831 1247 3896 Caesaris
1259 3837 1290 3896 et

222 3937 275 3998 illa
297 3937 437 4018 gloriosa,
461 3937 536 3998 haee
558 3937 738 3999 terribiliora
760 3936 891 3998 duceret.
914 3971 956 3982 —
979 3934 1042 3998 Onu
1060 3957 1133 3998 vero
1150 3936 1288 4017 Vellejus

221 4040 360 4101 libellum
389 4040 552 4121 scripserit,
583 4038 717 4101 Kritnius
747 4039 828 4121 (pag.
854 4037 1127 4115 XIX-XXIII)
1154 4039 1217 4118 jam
1246 4039 1289 4099 ita

223 4144 373 4228 exposuit,
397 4148 430 4205 ut
451 4145 533 4206 illins
556 4145 612 4208 hac
634 4144 671 4205 de
687 4161 728 4210 ,re
750 4144 932 4206 sententiam
954 4143 1095 4226 amplecti
1122 4161 1180 4204 non
1204 4141 1288 4204 dubi-
