3210 4666
308 195 352 266 12

304 404 425 466 ridetur
454 425 530 480 csse,
564 405 645 488 quod
679 406 835 468 latrocinia
862 407 898 482 ei,
932 409 1041 486 quibus
1073 409 1168 470 maria
1196 408 1369 485 infestabat,

303 526 487 586 magnopere
509 509 737 589 exprobrantur.
760 537 801 555 *-
825 507 987 572 Triumviri
1008 513 1110 571 auteur
1130 515 1308 588 metuentes,
1330 531 1369 574 ne

305 627 442 670 annonae
464 612 589 672 caritate
612 610 700 672 Sexti
722 612 967 700 praedationibus
989 615 1098 688 coorta,
1121 613 1219 694 plebis
1242 615 1324 684 iram,
1338 615 1369 676 iu

304 731 337 771 sc
360 715 583 792 converterent,
605 715 643 775 ad
666 714 818 777 Misenum
840 734 906 776 eum
930 736 965 777 co
988 730 1093 797 pacem
1114 715 1260 793 fecerunt,
1283 723 1314 778 et
1336 737 1371 779 ea

305 807 427 892 quidem
462 816 641 892 conditione,
677 821 711 878 ut
745 815 878 879 Siciliam
907 817 1054 898 thejam
1084 817 1315 900 Sardiniamque
1344 819 1372 880 ei

305 916 511 979 concederent.
555 917 648 981 Tacet
671 920 810 1000 Vellejus
833 921 870 982 de
894 917 1041 996 Sardinia,
1064 939 1153 1002 quarn
1173 921 1283 984 Menae
1305 939 1371 1002 pro-

305 1018 418 1079 ditioue
433 1017 599 1082 Octaviano
622 1022 762 1084 traditam
785 1043 852 1084 esse
875 1043 914 1084 ex
930 1023 1027 1084 Dione
1049 1025 1176 1100 constat,
1198 1024 1241 1086 ita
1255 1025 1289 1085 ut
1303 1023 1372 1085 hino

306 1126 336 1180 et
358 1122 447 1202 quod,
476 1141 658 1203 quamquam
688 1128 811 1204 rogatus
834 1124 1018 1189 Octavianus
1041 1125 1163 1186 Menam
1188 1127 1300 1188 dedere
1322 1145 1373 1188 no·

307 1225 413 1298 iuerat,
429 1245 520 1286 carrusa
534 1228 665 1306 peteuda
681 1228 828 1305 videatur,
849 1247 903 1290 cur
916 1247 989 1290 mox
1005 1228 1119 1289 bellum
1135 1227 1373 1308 redintegratum

306 1331 355 1405 sit,
384 1349 440 1392 nec
468 1336 502 1390 ut
524 1329 664 1410 Vellejus
692 1331 743 1406 ait,
774 1351 814 1392 ex
843 1332 975 1411 inquieto
999 1329 1087 1392 Sexti
1117 1331 1225 1407 animo,
1256 1345 1316 1412 quc
1342 1331 1372 1392 in

306 1433 497 1514 possessione
521 1431 641 1494 Siciliae
671 1439 702 1494 et
724 1433 858 1514 Achajae
887 1453 947 1495 non
977 1434 1170 1514 acquieverit.
1222 1433 1291 1495 Jam
1318 1450 1374 1494 nee

306 1535 488 1596 defoedare
511 1533 702 1612 Brundisino,
725 1537 805 1616 quod
828 1536 973 1598 subdolae
988 1536 1135 1598 amicitiae
1151 1533 1373 1598 confirmandae

307 1657 399 1700 eausa
424 1639 561 1717 jrrnctum
585 1643 658 1714 erat,
689 1658 745 1700 neo
775 1639 934 1715 decanea,
958 1637 1217 1700 curOctarianus
1242 1655 1375 1700 sororem

307 1737 438 1800 Antonio
465 1741 496 1800 in
518 1740 740 1802 matrimonium
770 1743 897 1817 dederit,
926 1742 1085 1821 quicquam
1113 1740 1291 1816 denudatur,
1321 1740 1375 1800 sed

307 1843 382 1902 hacc
405 1843 469 1902 scia
490 1842 585 1902 verba
613 1843 693 1923 apud
717 1843 871 1923 Veliejum
893 1847 1017 1904 exstant
1040 1849 1133 1920 78,1.
1169 1841 1257 1920 „Hoc
1279 1846 1375 1904 tractu

308 1948 476 2024 temporum
499 1942 656 2005 Octaviam
683 1953 820 2010 sororem·
839 1943 978 2007 Caesaris
1007 1945 1049 2008 M.
1071 1945 1220 2006 Antonius
1249 1963 1376 2008 uxorem

308 2047 406 2108 duxit
427 2081 469 2090 -
492 2045 582 2116 Quod
611 2047 698 2108 Livia
720 2051 782 2124 (79.
799 2051 831 2122 2)
858 2048 966 2109 dicitur
987 2047 1148 2128 auspicatis
1171 2049 1215 2108 rei
1238 2047 1377 2128 publicae

308 2149 457 2209 ominibus
480 2148 517 2208 ab
541 2147 707 2212 Octaviano
730 2151 820 2212 dueta
841 2169 919 2227 esse,
941 2169 1020 2229 quae
1042 2153 1131 2209 antea
1146 2147 1260 2210 Neroni
1283 2152 1377 2229 nupta

307 2251 415 2324 fuerat,
438 2251 469 2312 id
491 2271 550 2312 non
573 2253 638 2312 siue
661 2271 779 2312 summa
800 2251 963 2313 offensione
980 2253 1107 2330 legetur,
1130 2252 1156 2311 si
1171 2252 1376 2314 audiverimus

309 2351 446 2415 Tacitum
483 2355 683 2416 affirmantem
714 2374 781 2416 anu.
813 2354 836 2415 l.
862 2358 900 2415 10
929 2353 1086 2433 gravidam
1121 2371 1187 2414 eam
1217 2354 1376 2415 abductam

310 2475 378 2517 esse
400 2461 431 2516 et
449 2457 577 2518 ludibrio
593 2458 749 2538 pontifices
764 2457 919 2516 consultos
935 2474 1011 2529 esse,
1035 2474 1073 2514 an
1090 2463 1232 2535 concepto
1249 2456 1377 2516 necdum

309 2559 390 2619 edito
419 2563 508 2639 partu
535 2560 592 2620 rite
621 2559 750 2620 nuberet
770 2559 806 2618 cf.
830 2557 920 2618 etiam
943 2555 1025 2619 Suet.
1049 2575 1112 2638 cap.
1138 2561 1187 2634 6⁴2,
1210 2557 1253 2618 11.
1277 2561 1317 2620 74
1340 2557 1378 2617 de

309 2662 390 2723 bello
420 2661 565 2723 Perusino
598 2662 706 2742 agitur,
740 2679 798 2740 quo
832 2662 896 2721 ioco
926 2661 1022 2739 magis
1050 2660 1095 2720 ira
1123 2659 1264 2720 miiitum¹
1287 2677 1377 2738 quam

310 2763 394 2824 ducis
416 2765 573 2824 voluntate
602 2765 751 2826 saevitum
774 2781 842 2824 esse
864 2763 944 2836 dicit,
977 2781 1071 2842 quum
1094 2760 1256 2823 Suetonius
1279 2759 1379 2822 tradat

309 2884 372 2946 cap.
398 2867 436 2928 lb
459 2885 528 2928 eum
550 2866 675 2929 Perusia
696 2865 829 2947 captain
849 2865 992 2946 plurimos
1008 2863 1267 2941 animadvertisse,
1291 2881 1377 2925 orare

309 2970 361 3030 vel
383 2987 530 3031 excusare
553 2989 586 3032 se
608 2969 785 3031 conantibus
804 2986 864 3029 uua
885 2986 968 3044 soce,
991 2967 1179 3028 moriendum
1194 2985 1262 3028 esse
1278 2985 1377 3028 occur·

308 3071 397 3146 risse;
421 3077 572 3134 trecentos
592 3073 705 3134 electos
725 3072 763 3133 ad
779 3089 861 3132 aram
876 3069 954 3132 Divo
970 3067 1052 3132 iulio
1068 3071 1256 3130 exstructam
1271 3068 1377 3130 Idibus

309 3175 427 3238 Martiis
443 3176 609 3258 hostiarum
624 3193 708 3236 more
723 3176 877 3236 mactatos.
892 3206 934 3215 -
949 3170 1134 3233 Octavianus
1149 3173 1264 3252 postea,
1285 3189 1378 3251 quum

309 3281 412 3340 contra
433 3277 612 3360 Pompejum
635 3279 750 3339 bellum
772 3279 942 3351 renovaret,
965 3273 1113 3356 Lepidum
1135 3292 1204 3334 eum
1219 3273 1376 3334 duodecim

309 3381 479 3460 legionibus
507 3383 665 3442 acciverat.
717 3379 834 3450 Quibus
862 3378 1102 3440 commemoratis
1125 3375 1265 3457 Vellejus
1288 3374 1377 3438 Octu-

309 3486 399 3546 riano
429 3486 527 3546 locem
558 3485 705 3546 allaturus
734 3501 794 3544 uon
823 3481 932 3543 merita
959 3479 1124 3542 acerbitate
1145 3477 1295 3560 Lepidum
1324 3499 1377 3540 ex·

310 3589 414 3666 agitat.
459 3581 501 3648 Ut
516 3589 596 3650 enim
611 3587 716 3667 negari
731 3605 791 3647 non
806 3585 911 3666 possit,
934 3582 1082 3663 Lepidum
1098 3579 1264 3644 Octaviano
1281 3582 1377 3644 multo

308 3690 481 3754 inferiorern
503 3690 607 3765 fnisse,
630 3709 719 3750 nemo
742 3693 843 3750 tamen
866 3707 925 3748 uon
947 3685 1107 3764 intelliget,
1135 3683 1163 3744 ei
1185 3702 1278 3764 quum
1300 3685 1378 3764 peri·

309 3794 425 3856 citanti
448 3793 561 3854 auxilio
584 3793 728 3868 venisset,
751 3809 810 3852 non
834 3791 906 3852 vitio
929 3790 1062 3851 dandum
1077 3805 1154 3863 esse,
1178 3787 1258 3866 quod
1273 3805 1377 3867 parem

309 3899 354 3962 illi
377 3899 558 3978 potestatem
580 3895 637 3956 sibi
659 3895 833 3969 vindicavit,
856 3895 895 3968 et,
918 3893 974 3953 hac
996 3911 1056 3954 uon
1078 3891 1247 3971 impetrata,
1275 3893 1309 3953 ut
1332 3887 1377 3952 Si-

310 4000 379 4062 eilia
408 4000 579 4074 excederet,
609 3998 778 4080 imperavit.
808 4030 850 4040 -
879 3994 965 4069 Tum,
997 3993 1039 4054 11.
1067 3998 1117 4069 80,
1147 3995 1230 4054 3-4
1258 3991 1377 4070 Vellejc

311 4107 440 4179 anctore,
464 4123 523 4165 ocu
547 4122 564 4163 a
579 4101 719 4184 Scipione
735 4099 862 4180 aliisque
878 4097 1031 4159 veteribus
1048 4096 1251 4159 Romanorum
1268 4093 1378 4154 dueum
