3210 4666
1288 201 1306 269 l

240 425 358 487 cunque
381 410 509 468 externa
531 407 631 488 specie
653 406 815 487 splendent
830 407 1044 486 hominumque
1060 407 1162 468 oculos
1177 407 1309 486 quodam

239 509 327 570 modo
343 508 481 582 t'eriunt2)
496 530 513 571 a
529 508 683 589 scriptore,
705 509 822 570 etiamsi
849 508 971 570 minime
993 509 1153 570 adrerum
1177 513 1307 570 tractan-

239 611 345 672 darum
377 611 531 673 historiam
564 611 725 691 pertinent,
763 610 965 672 celebrantur:
1004 611 1047 671 ita
1075 631 1114 671 ne
1146 614 1307 672 stemmata

238 713 360 793 quidem
391 713 429 773 ab
459 733 494 774 eo
524 713 643 794 depicta
671 713 794 774 aliunde
823 731 913 793 quam
941 733 981 773 ex
1003 712 1093 774 nimio
1117 712 1184 793 ejus
1206 731 1307 774 rerum

238 819 433 877 externarum
455 835 557 877 amore
582 813 763 895 explicanda
785 816 864 876 sunt.
886 847 928 858 -

322 933 390 996 Jam
414 955 448 996 eo
471 933 635 1016 disputatio
650 934 796 1014 perducta
817 936 873 1009 est,
895 936 929 994 ut
948 935 986 995 ad
1006 938 1219 1014 argumentum
1236 935 1308 996 Vel-

238 1036 331 1116 lejaui
348 1036 447 1117 operis
467 1033 718 1097 considerandum
734 1036 955 1115 perveniamus,
979 1034 1025 1096 Ac
1040 1038 1169 1117 primum
1185 1037 1308 1117 quidem

234 1138 297 1218 jam
321 1136 475 1219 Sauppius
498 1156 567 1218 pag.
591 1140 696 1199 147——
710 1139 770 1199 155
794 1137 903 1214 docuit,
925 1137 1130 1218 negligentiae
1152 1139 1306 1221 scriptoris

237 1240 428 1301 tribuendum
457 1259 535 1315 esse,
561 1238 645 1319 ¹quod
669 1244 698 1300 et
729 1243 897 1320 temporum
924 1241 996 1304 ordo
1019 1261 1233 1322 nonnunquam
1256 1243 1307 1304 de·

237 1343 395 1418 sideratur,
411 1362 503 1423 quum
519 1361 568 1406 res
584 1360 638 1402 suo
651 1341 717 1404 loco
732 1341 862 1403 omissae
877 1343 944 1405 aliie
960 1343 1034 1411 locis
1049 1343 1306 1425 interponanturl)

237 1465 293 1507 nec
307 1447 406 1508 fontes
422 1451 561 1507 accurate
577 1452 607 1504 et
621 1443 784 1524 diligenter
798 1444 924 1508 adhibiti
939 1449 1019 1508 sunt.
1064 1444 1132 1516 Quo
1148 1446 1178 1508 in
1193 1466 1307 1526 genere

237 1547 407 1609 habendum
431 1552 479 1608 est
500 1547 600 1623 etiam,
623 1546 712 1626 quod,
735 1548 770 1606 ut
795 1547 990 1626 sagacissime
1013 1547 1146 1609 Krituius
1170 1551 1307 1610 excussit

236 1652 323 1732 (prol.
345 1637 506 1712 XXXXI.
529 1650 595 1728 sq.),
619 1667 689 1708 aera
711 1647 878 1714 catoniana
899 1655 930 1710 et
953 1649 1142 1712 Varroniana
1163 1653 1307 1713 contusae

235 1757 315 1815 sunt.
360 1752 422 1814 Sed
444 1753 568 1813 aliaest
583 1769 641 1828 res,
665 1769 724 1831 qua
738 1750 853 1831 Velleji
872 1750 997 1813 historia
1011 1753 1138 1815 laborat.
1183 1751 1306 1814 Etenim

236 1875 280 1931 ea,
304 1871 382 1935 quae
404 1852 612 1933 magnitudine
635 1873 690 1914 sua
711 1871 783 1933 prae
805 1853 932 1914 caeteris
947 1855 1090 1931 eminent,
1113 1875 1173 1916 nou
1189 1856 1227 1916 ad
1243 1875 1307 1918 rem

235 1958 395 2040 publicam,
426 1957 479 2018 sed
511 1956 548 2018 ad
571 1956 757 2035 singulorum
787 1955 942 2018 bominum
964 1957 1087 2036 ingenia
1108 1958 1204 2018 relata
1226 1964 1306 2021 sunt.

235 2061 353 2132 Quibus
382 2060 455 2122 solis
478 2077 580 2139 quum,
611 2058 636 2120 si
659 2076 676 2118 a
699 2057 772 2118 locis
796 2057 949 2118 nonnullis
971 2057 1183 2136 discedimus4)
1205 2079 1305 2120 rerum

235 2164 369 2225 ordinem
400 2161 466 2242 regi
494 2160 610 2242 opinari
642 2160 790 2236 rideatur,
821 2160 934 2220 factum
963 2166 1019 2235 est,
1051 2164 1084 2221 ut
1112 2161 1143 2222 in
1173 2162 1305 2223 moribus

234 2267 402 2348 principum
414 2265 546 2326 civitatis
562 2261 769 2324 describendis
784 2281 925 2342 magnam
937 2261 1096 2323 adhiberet
1107 2262 1305 2342 diligentiam.
1346 2331 1350 2337 ,

235 2367 304 2439 Qua
324 2370 356 2430 in
376 2389 408 2430 re
424 2385 606 2448 quamquam
630 2363 808 2445 saepissime
830 2363 970 2445 optimas)
986 2369 1126 2427 versatus
1149 2371 1204 2440 est,
1228 2370 1261 2429 ut
1275 2368 1306 2428 in

237 2523 438 2530 βψω-,-

318 2588 344 2654 ²)
361 2585 426 2640 Huc
437 2585 591 2655 pertinent,
605 2599 675 2654 quae
688 2583 848 2654 saepissima
860 2583 895 2640 de
908 2599 938 2640 se
947 2584 1153 2654 maioribusque
1162 2584 1301 2654 disputat:

232 2669 272 2726 11.
292 2672 334 2738 16,
348 2669 374 2739 2,
404 2671 486 2740 76,1,
512 2671 646 2740 101,2,3,
676 2671 736 2739 104,
747 2671 773 2739 3,
802 2670 897 2739 106,1,
925 2671 1019 2739 1011,
1045 2672 1104 2740 111,
1115 2673 1141 2740 3,
1153 2671 1179 2739 4,
1206 2672 1264 2738 113,
1275 2673 1301 2742 3,

233 2758 292 2824 114,
304 2759 330 2825 2,
345 2757 655 2836 115,1,121,1,124,3,
673 2758 771 2824 126,1;
786 2755 827 2810 Π.
838 2757 879 2810 10.
899 2754 1302 2812 Ν111111Β111111111111111111

232 2843 382 2912 peculiaris
393 2843 510 2911 quadam
520 2848 549 2897 et
559 2846 591 2897 ut
601 2842 755 2898 clarissima
765 2841 806 2898 ita
815 2845 907 2896 artata
914 2856 1028 2897 numero
1038 2840 1169 2896 fecilitas.
1188 2842 1302 2910 Septem

233 2934 296 2984 ante
311 2928 392 2995 bunc,
412 2927 602 2984 nobilissimae
620 2927 808 2997 simplicitatis
819 2927 958 2997 juvenem,
974 2929 1025 2983 On.
1039 2926 1204 2995 Domitium,
1221 2928 1301 2983 fuere

233 3012 1301 3084 singulisomniuoparentibusgeniti,sedomnesadconsulatumsacerdotia-

233 3116 296 3169 que,
316 3101 350 3156 ad
368 3099 504 3172 triumphi
522 3104 614 3156 autem
632 3113 720 3168 paene
739 3114 832 3154 omues
854 3103 1042 3170 pervenerunt
1058 3095 1189 3166 insignia.
1208 3127 1242 3138 -
1259 3098 1300 3154 H.

231 3189 275 3255 26,
288 3186 337 3242 ubi
349 3187 383 3241 do
396 3190 485 3242 morte
497 3186 615 3242 honesta
627 3184 803 3255 Calpurniae,
822 3183 919 3240 uxoris
930 3182 1031 3254 Lepidi
1043 3181 1148 3252 agitur,
1167 3182 1207 3250 Π,
1221 3184 1255 3238 88
1266 3183 1300 3239 de

230 3273 327 3328 Flauio
339 3271 472 3342 Fimbria,
491 3272 531 3338 Π,
550 3272 583 3326 24
594 3272 627 3326 de
640 3268 740 3326 Pontio
754 3269 893 3339 Telesino,
906 3269 947 3324 H.
960 3270 1004 3338 43,
1018 3269 1052 3324 de
1062 3268 1191 3324 Cornelio
1201 3268 1299 3325 Balbo.

316 3369 1163 3445 ummammammnmmnmmm
1281 3357 1332 3432 f

315 3481 340 3546 ⁴)
358 3478 394 3533 cf.
413 3477 454 3532 II.
475 3479 488 3530 1
507 3475 557 3531 ubi
574 3491 673 3532 causae
692 3475 874 3544 explicantur,
894 3490 964 3543 quae
976 3473 1130 3546 effecerint,
1149 3481 1181 3530 ut
1199 3474 1299 3532 civium
1390 3493 1393 3502 ⁴

230 3579 322 3620 mores
346 3563 435 3633 magis
459 3562 605 3632 magisque
629 3566 883 3630 corrumperentur,
907 3559 1162 3630 taratantara
1185 3559 1300 3618 civitate

231 3649 315 3706 sociis
332 3647 440 3705 Italicis
459 3647 548 3703 danda
566 3647 736 3718 disputatur.

316 3753 341 3820 ⁶)
359 3751 448 3807 miuus
460 3749 584 3805 feliciter
595 3765 641 3805 res
660 3748 688 3804 ei
700 3747 787 3805 cessit
800 3748 829 3804 iu
842 3747 988 3805 Octaviani
1000 3747 1109 3804 meritis
1121 3749 1298 3818 explicandis.

231 3838 319 3894 Taoet
338 3837 412 3892 euim
429 3836 463 3890 de
482 3834 543 3904 ejus
561 3834 730 3890 liberalitate
744 3833 823 3890 Suet.
838 3849 897 3904 cap.
909 3835 952 3903 41,
971 3834 1006 3888 de
1018 3834 1221 3903 provinciarum
1234 3851 1298 3891 aera

230 3923 321 3980 alieno
349 3921 535 3978 laborantium
561 3920 701 3977 levatione
720 3921 799 3976 Suet.
818 3937 878 3990 cap.
905 3922 947 3990 47,
976 3921 1010 3977 de
1031 3920 1151 3989 legibus,
1175 3935 1245 3988 quae
1263 3921 1297 3976 de

229 4007 394 4064 maritandis
412 4006 556 4064 ordinibus
575 4012 705 4064 sanxerat
722 4007 802 4065 Suet.
821 4023 881 4077 cap.
901 4008 943 4075 34,
967 4007 1001 4061 de
1019 4005 1175 4062 liberalium
1196 4005 1297 4062 artium

230 4109 322 4150 amore
341 4109 401 4165 cap.
421 4094 464 4149 84.
