3210 4666
1251 267 1294 336 19

223 468 326 527 satis
349 465 508 528 laudari
532 488 632 548 neque
658 471 749 548 post
770 471 981 531 victoriam
1011 471 1165 531 abunde
1188 461 1295 533 vitu·

222 571 356 648 peruri
379 575 486 650 potest.
530 569 571 632 ΙΙ.
598 577 679 646 18,1
704 573 753 634 vir
780 593 879 652 neque
905 573 1091 634 silendus
1119 579 1217 654 n'cque
1241 575 1296 635 di-

223 671 548 736 ceudussineoura.
592 672 632 735 11.
653 673 1296 756 18,3HorumsidemMytilenae·

223 793 329 835 orum
369 776 547 860 perfidia
577 777 767 838 illuminavit.
804 775 845 839 ΙΙ.
878 783 926 853 19,
956 782 983 838 4.
1036 777 1112 841 Cum
1151 777 1295 839 Marius

223 877 1297 960 adspiciensCarthaginem,iilaintuensMariumalter

223 980 310 1041 alteri
333 986 459 1060 possent
486 1001 554 1042 esse
576 983 683 1044 solatio
698 981 740 1044 II.
765 987 846 1058 26,2
863 988 894 1044 et
908 1003 947 1044 nc
963 983 1035 1062 quid
1057 1001 1185 1062 usquam
1209 983 1296 1042 malis

222 1081 1295 1166 publicisdeesset,inquacivitatesemporvirtutibusoertatum

223 1190 296 1260 erat,
319 1187 794 1250 certabatursceleribus.
812 1186 852 1249 Π.
871 1192 920 1263 33,
936 1193 964 1249 3.
995 1186 1074 1248 Nam
1095 1207 1194 1267 neque
1209 1187 1296 1248 Pom·
1329 1251 1335 1260 ‚

222 1288 291 1367 pejo
307 1287 468 1367 quisquam
492 1291 891 1352 autaliaomniaminus
914 1293 967 1350 aut
988 1289 1148 1368 gloriam
1171 1289 1297 1368 magis

222 1390 394 1470 concupivit
416 1390 457 1454 ΙΙ,
481 1395 566 1467 53,3
589 1394 618 1454 in
643 1397 759 1454 tantum
783 1394 888 1454 inille
911 1393 976 1453 viro
1000 1410 1017 1452 a
1039 1411 1073 1452 se
1096 1392 1296 1468 discordante,

222 1498 256 1553 nt
288 1494 335 1553 cui
370 1495 459 1555 modo
492 1495 528 1555 ad
554 1495 710 1556 victoriam
734 1500 833 1557 terra
861 1495 1045 1569 defuerat,
1078 1494 1232 1554 deesset
1254 1494 1296 1554 ad

222 1595 383 1656 fortunam.
406 1594 446 1657 ΙΙ.
472 1601 521 1672 33,
538 1602 565 1658 4.
611 1596 700 1667 Quod
724 1597 830 1677 adjeci,
861 1617 920 1658 non
951 1601 991 1656 ut
1013 1613 1213 1676 arguerem,
1242 1595 1296 1658 scd

223 1717 265 1757 ne
300 1716 489 1776 arguerer.
524 1697 563 1760 ΙΙ.
589 1703 638 1774 85,
656 1704 682 1760 3.
742 1701 903 1774 Antonius,
937 1699 1052 1778 qui·in
1082 1699 1296 1759 desertores

223 1800 368 1861 saevire
392 1800 547 1877 debuerat,
570 1802 708 1863 desertor
731 1804 883 1864 exercitus
907 1802 953 1862 sui
969 1801 1066 1861 iactus
1082 1803 1129 1861 est
1143 1797 1184 1861 ΙΙ.
1209 1804 1258 1876 85,
1277 1804 1295 1862 5

222 1900 339 1981 fuitque
366 1890 396 1962 in
424 1904 572 1979 confosso,
603 1905 741 1965 milites
771 1905 899 1986 optimi
925 1903 1174 1984 imperatoris,
1201 1903 1295 1984 impe-

222 2005 352 2064 ratorem
375 2004 612 2082 fugacissimi
634 2005 768 2066 militis
791 2007 958 2067 functum
982 2005 1117 2067 officio.
1140 2039 1180 2048 -

306 2169 388 2232 Illud
417 2193 546 2253 quoque,
581 2174 735 2254 Vellejum
758 2194 776 2235 a
799 2176 889 2236 solita
915 2175 1076 2236 verborum
1100 2173 1297 2236 collocatione

221 2263 281 2334 non
297 2292 452 2353 nunquam
468 2276 632 2336 recessisse
655 2282 686 2336 et
702 2296 745 2353 ea,
769 2296 847 2356 quae
863 2298 954 2338 seusu
975 2278 1148 2351 cohaerent,
1170 2296 1229 2337 unc
1246 2271 1309 2336 vei

222 2378 360 2456 pluribus
382 2378 568 2458 interpositis
590 2380 693 2439 rerbis
719 2380 916 2460 disjunxisse,
948 2380 1005 2440 hoc
1035 2381 1100 2440 loco
1131 2379 1295 2439 notandum

222 2485 277 2553 est,
306 2479 418 2558 quippe
448 2482 528 2559 quod
558 2487 681 2543 ornatus
704 2480 849 2542 afferendi
877 2500 976 2557 causa,
996 2481 1076 2554 ‚sive
1104 2483 1209 2559 poetas
1232 2480 1297 2539 imi-

222 2585 350 2657 taturus,
384 2583 450 2643 sive
484 2584 548 2644 solo
583 2584 726 2646 novitatis
760 2584 860 2644 studio
897 2586 1064 2644 commotus
1100 2582 1297 2643 arcessivisse

221 2682 414 2760 videatur.¹²)
430 2685 466 2744 ci.
483 2682 524 2747 ΙΙ.
538 2691 587 2762 34,
601 2692 629 2748 2.
668 2684 715 2745 Ne
732 2686 770 2746 ab
785 2685 895 2766 hujus
910 2685 1034 2764 quidem
1050 2703 1142 2744 usura
1156 2684 1296 2761 gloriae

222 2786 404 2875 temperavit
434 2786 575 2847 animum.
603 2784 644 2849 ΙΙ.
670 2789 739 2860 100,
759 2791 786 2846 1.
837 2785 941 2848 Sensit
967 2790 1116 2846 terrarum
1144 2785 1224 2846 orbis
1253 2785 1296 2844 di-

221 2909 360 2968 gressum
392 2908 409 2948 a
438 2889 609 2950 custodia
631 2887 785 2950 Neronem
813 2890 922 2949 urbis.
948 2884 989 2949 Π.
1015 2893 1085 2962 111,
1102 2891 1130 2950 3.
1174 2885 1296 2946 Partem

222 2991 407 3052 exercitus
433 2992 469 3052 ab
494 2992 567 3051 urbe
595 2991 724 3052 traditi
753 2992 790 3052 ab
814 2989 954 3070 Augusto
985 2991 1116 3070 perduxi
1139 2989 1176 3050 ad
1200 2989 1296 3049 fitium

220 3091 253 3155 ΙΙ
286 3100 336 3168 14,
353 3100 380 3156 3.
424 3093 515 3154 Hunc
546 3095 655 3155 finem
686 3093 873 3154 clarissimus
899 3093 1024 3172 juvenis
1054 3092 1160 3152 ritae
1182 3091 1296 3150 habuit.

220 3195 261 3258 Π.
286 3199 380 3271 57,1.
425 3195 661 3256 Laudandum
692 3195 881 3275 experientia
909 3194 1067 3254 consitium
1091 3199 1149 3254 est
1170 3192 1295 3253 Pansae.
1343 3258 1345 3262 ,

220 3297 261 3361 ΙΙ.
286 3303 380 3374 80,1.
428 3299 624 3360 Acciverat
646 3317 756 3377 gerens
779 3303 885 3358 contra
907 3295 1086 3376 Pompcjum
1110 3296 1225 3356 bollum
1250 3315 1293 3354 ex

220 3400 356 3461 Africa
378 3397 493 3462 Caesar
520 3399 676 3480 Lepidum.
704 3396 728 3460 I.
756 3403 803 3475 13,
819 3405 847 3462 4.
900 3398 1064 3458 Mummius
1093 3397 1293 3458 maximorum

221 3503 417 3564 artificum
439 3504 591 3584 porfectas
615 3502 784 3562 manibus
808 3502 927 3564 tabulas
950 3501 980 3561 in
1003 3497 1123 3560 Italiam
1147 3499 1295 3578 portanda

220 3606 340 3668 locavit.
356 3603 379 3666 I.
399 3611 447 3680 18,
463 3611 488 3667 1.
527 3603 596 3665 Una
611 3605 684 3665 urbs
697 3601 798 3665 Attica
808 3603 946 3684 pluribus
959 3601 1045 3662 annis
1061 3601 1294 3680 eloquentia

222 3727 312 3788 quam
335 3709 478 3769 universa
500 3705 629 3769 Graecia
652 3707 899 3787 operibusque
922 3705 1031 3767 floruit.
1048 3737 1081 3747 -

308 4071 448 4148 ¹⁵)Errat
469 4077 645 4134 hauddubie
665 4077 804 4146 Kritzius,
830 4093 914 4146 quum
936 4077 1022 4146 dicat,
1047 4076 1120 4130 hunc
1143 4073 1292 4129 verborum

220 4165 344 4221 ordinem
363 4164 509 4221 familiaris
527 4165 663 4220 orationis
681 4165 806 4235 vestigia
823 4163 951 4234 prodere.
