3210 4666
1264 245 1285 315 9

220 451 336 513 barium
359 454 506 531 spectant,
527 451 588 530 jam
606 447 795 525 Psscninsw)
818 450 1159 526 etWindlneuserns‚¹¹)
1182 451 1286 526 Taciti,

220 555 335 630 Dionis,
366 537 502 614 Suetonii
531 553 740 614 alletoritatem
768 553 812 614 ita
840 563 1051 630 servaverunt,
1080 559 1122 631 ut,
1152 556 1178 616 si
1200 556 1289 634 plnra

220 657 393 738 adjicerem,
415 655 499 734 ligna
520 656 740 735 quodammodo
762 656 792 717 in
816 657 924 718 silvam
947 658 1027 718 ferre
1042 657 1170 719 viderer.
1206 655 1287 727 Qua·

219 763 343 840 prepter
358 777 412 820 nes
424 759 489 838 jam
500 759 699 838 explicemus,
716 759 798 838 quid,
813 760 939 839 reliquis
951 759 1147 840 scriptoribus
1158 759 1287 835 collatis,

220 861 258 920 de
287 861 347 921 lide
375 879 487 937 eornm,
515 879 595 940 qnae
624 861 663 922 de
692 859 858 924 Octaviano
881 864 1043 924 memoriae
1069 863 1179 924 tradita
1207 866 1287 938 sunt,

216 963 413 1042 judicandum
435 966 481 1028 sit.
504 999 546 1012 -
649 973 652 976 “

304 1065 391 1138 Quae
414 1067 457 1129 II.
479 1071 520 1131 59
542 1068 581 1128 de
595 1063 754 1130 Octauiani
769 1068 898 1149 pueritia
919 1087 937 1129 a
957 1068 1076 1148 Vellejc
1098 1069 1192 1130 allate
1207 1070 1287 1143 sunt,

219 1185 238 1229 a
258 1169 388 1230 veritate
409 1188 469 1231 non
492 1171 672 1250 discrepant.
718 1169 807 1231 Patre
829 1171 908 1232 enim
934 1173 1049 1231 mature
1071 1172 1189 1232 mortue
1207 1169 1288 1250 apud

217 1269 360 1350 vitricam
381 1271 552 1354 Philippum
581 1274 735 1350 educatus,
769 1273 884 1335 Julinm
914 1270 1086 1349 Caesarem,
1115 1272 1167 1352 qni
1188 1272 1288 1352 ipsum

218 1391 402 1455 magnopere
434 1375 549 1450 dilexit,
586 1375 617 1436 in
651 1375 828 1457 Hispaniam
862 1377 1020 1437 comitatus
1053 1378 1101 1436 est
1136 1375 1288 1456 bellisque

217 1475 357 1538 civilibus
380 1478 507 1557 patratis
522 1479 560 1538 ad
575 1478 761 1558 singularem
777 1478 909 1539 indolem
929 1479 1104 1540 liberalibus
1119 1481 1287 1561 disciplinis

105 1575 110 1588 '
218 1580 413 1642 erudiendam
426 1582 616 1663 Apolloniam
632 1583 742 1643 missus
757 1586 811 1643 est.
827 1581 864 1642 el.
882 1579 964 1642 Suet.
981 1585 1000 1642 e
1015 1584 1180 1662 approbate
1195 1584 1286 1644 etiam

218 1702 336 1744 morum
357 1683 470 1756 indole;
501 1683 629 1759 niort,
652 1691 666 1745 1
691 1679 833 1767 μεγάλοις
866 1681 908 1747 ἐπ’
928 1679 1016 1765 αὐτῷ
1038 1684 1167 1760 ἐλπίδας
1198 1685 1286 1770 ἔχων.

217 1785 361 1847 Adulatio
383 1805 455 1846 uere
477 1787 557 1846 inest
578 1786 609 1848 in
631 1787 677 1863 iis,
700 1789 809 1868 qnibns
831 1793 999 1848 commotus
1021 1789 1126 1849 matris
1148 1789 1179 1848 in
1201 1789 1286 1875 here-

217 1889 311 1950 ditate
326 1883 465 1950 adeunda
479 1888 636 1949 consilium
652 1890 862 1972 repudiarisse
878 1891 982 1966 fertur,
999 1910 1092 1970 qnnm
1108 1890 1188 1952 dicet
1204 1897 1253 1967 60,
1267 1897 1285 1953 2

217 1991 348 2053 animum
371 1993 534 2053 coelestem
556 1991 688 2053 bumana
709 1992 835 2054 consilia
850 1993 1002 2073 spreuisse
1019 1996 1131 2054 etcum
1152 1993 1286 2072 periculo

217 2095 315 2174 potins
343 2111 462 2154 summa
490 2113 579 2174 qnam
610 2097 674 2154 tuto
705 2094 829 2157 humilia
857 2095 1050 2175 proposuisse
1081 2096 1167 2174 ecqui
1194 2102 1286 2175 atque

216 2197 360 2259 maluisse
387 2197 536 2258 avunculo
566 2199 597 2257 et
619 2193 743 2258 Caesari
772 2197 810 2257 de
840 2217 874 2257 se
895 2215 985 2276 quam
1008 2197 1113 2258 vitrico
1136 2198 1285 2277 matrique

215 2300 347 2361 credere.
385 2295 502 2360 Deinde
516 2317 576 2359 non
593 2298 742 2360 Antonius
757 2304 819 2375 (60,
837 2301 866 2374 3)
883 2299 937 2358 sed
952 2296 1139 2359 Octavianus
1162 2300 1285 2360 timidus

216 2407 290 2480 erat,
312 2403 364 2482 qni
387 2404 453 2483 ejus
475 2401 602 2480 gretiam
626 2399 683 2463 sibi
705 2402 917 2463 conciliaturus
940 2401 977 2460 ad
997 2400 1201 2462 adulationem
1217 2421 1285 2462 con-

216 2505 294 2584 iugit
313 2505 384 2579 (Dio
406 2507 456 2581 45,
474 2507 523 2580 25,
547 2497 605 2567 τόν
628 2523 660 2565 rs
680 2497 852 2567 ’Λντώνιον
874 2495 1081 2585 ἐθεράπευεν,
1105 2504 1210 2566 καίτοι
1232 2505 1285 2566 καὶ

216 2599 531 2691 προπηλακιζόμενος
564 2601 743 2670 ὑπ’ὲκείνοο
775 2605 829 2668 καὶ
861 2598 1078 2686 ἀδικούμενος)
1112 2611 1176 2666 tum
1213 2625 1287 2667 vero

216 2710 425 2791 adoptimates,
455 2710 565 2790 quibus
594 2729 663 2770 eum
693 2709 824 2770 inrisum
847 2708 1005 2783 sentiebat,
1036 2727 1069 2768 se
1091 2709 1228 2784 contulit,
1254 2715 1287 2770 et

217 2811 370 2872 nonnullis
391 2811 580 2872 hortantibus
600 2827 794 2891 percussores
814 2809 842 2870 ei
863 2808 1285 2887 snbomarit(Suet.10).—-

301 2913 421 2974 Frende
449 2914 600 2993 deprensa
623 2913 788 2992 pericnlum
810 2912 940 2973 invicem
963 2917 1101 2973 metuens
1124 2919 1286 2975 veteranos

216 3019 331 3096 quanta
352 3015 451 3095 potnit
473 3014 632 3094 largitione
654 3013 807 3074 contraxit
828 3012 925 3088 (Suet.
950 3019 998 3089 10,
1014 3013 1083 3075 Tae.
1106 3017 1215 3079 anni.
1235 3019 1285 3092 10)

216 3124 247 3178 et
269 3117 423 3180 Ciceronis
451 3116 640 3198 potissimum
671 3115 769 3177 studio
800 3114 899 3177 eiieoit
925 3116 994 3192 (Dio
1024 3120 1143 3192 4216)
1170 3125 1204 3180 nt
1226 3139 1286 3182 nne

215 3237 283 3279 cnm
307 3217 405 3280 Hirtio
436 3223 466 3278 et
488 3218 588 3280 Pausa
615 3217 790 3280 consulibus
812 3217 981 3298 designetis
1003 3219 1117 3280 bellum
1140 3239 1207 3282 curn
1224 3222 1285 3282 An-

215 3321 297 3382 tenio
327 3337 433 3400 gerere
459 3321 627 3400 juberetur.
649 3353 685 3364 -
714 3319 782 3381 Jam
814 3321 852 3380 ab
883 3321 1003 3401 Vellejo
1034 3323 1090 3382 soli
1117 3320 1285 3385 Octaviano

215 3424 341 3484 victorie
362 3421 490 3482 debetur
511 3425 573 3497 (61,
590 3423 621 3499 4)
645 3441 745 3503 neque
767 3423 929 3503 quiequam
952 3423 990 3484 de
1006 3423 1098 3485 Hirtii
1121 3429 1152 3485 et
1166 3424 1285 3487 Pansae

216 3526 330 3588 meritis
360 3531 618 3588 commemoratur.
671 3523 785 3588 Contra
814 3524 977 3589 Suetonius
1013 3545 1076 3608 cap.
1108 3532 1155 3588 10.
1186 3528 1285 3608 priore

301 3813 337 3879 ¹⁰)
354 3812 413 3870 Zur
429 3810 528 3868 Kritik
548 3812 599 3868 der
620 3812 788 3869 Gcsehiehte
811 3815 860 3869 des
882 3814 999 3870 Kaisers
1018 3813 1149 3872 Tiberius
1170 3814 1222 3870 mit
1239 3815 1284 3870 be-

215 3897 349 3954 sondcrer
366 3896 643 3968 Bcrfleksiebtigung
667 3899 717 3955 der
733 3899 1049 3969 Lebcnsbesehreibnng
1067 3900 1214 3958 desselben
1231 3916 1285 3958 von

214 3983 267 4038 Ad.
286 3982 380 4050 Sbeht,
399 4000 453 4039 von
470 3983 546 4039 Prot.
565 3983 614 4040 Dr.
633 3986 769 4041 Eduard
787 3986 906 4052 Pasch,
926 3986 1087 4056 Altcnbnrg
1105 3987 1181 4041 1866.

301 4071 338 4136 ¹¹)
357 4067 422 4136 qnid
445 4069 479 4123 de
497 4069 602 4138 Velleji
621 4069 764 4126 Paterculi
786 4071 839 4126 fide
857 4071 887 4126 iu
904 4069 940 4126 iis
959 4070 1036 4142 locis,
1057 4072 1106 4140 qni
1124 4071 1157 4127 ad
1176 4071 1286 4138 Tiberii

215 4168 305 4208 meres
324 4159 461 4224 spectent,
477 4153 656 4224 judicandum
675 4156 721 4214 sit.
755 4155 848 4214 Neues
867 4157 939 4213 1867.
