3210 4666
1252 279 1295 349 13

228 485 388 565 quicquam
420 502 526 544 ausum
554 489 601 544 est
630 483 737 544 lortius
763 501 855 562 qnam
879 487 941 543 tum
965 501 983 544 a
1005 481 1148 554 ansarm
1186 489 1297 570 quippe
1369 505 1374 528 ‘

227 585 350 650 inarmis
374 589 405 646 et
426 585 598 648 lacernatus
619 585 686 666 ipse
707 590 829 666 praeter
844 604 952 646 nomeu
969 585 1043 650 nihil
1060 589 1183 650 trahens
1200 597 1298 652 castra

228 686 335 770 Lepidi
356 688 522 766 ingressus,
545 687 657 751 milites
679 686 774 766 ipsius
796 687 972 754 fortitudine
990 690 1133 752 attonitos
1157 692 1214 754 sibi
1229 711 1298 754 con·
1326 743 1328 749 .

228 791 342 854 ultavit
362 795 395 851 et
409 790 517 852 ducem
540 790 662 852 sordida
677 793 764 850 veste
778 789 917 852 indutum
932 791 1053 852 veniam
1072 795 1176 872 petere
1191 797 1297 874 coegit.

165 893 169 900 '
229 893 315 954 Haec
343 912 467 974 prorsus
497 893 585 954 aliter
607 912 625 954 a
648 893 745 956 Dione
766 901 934 954 narrantur.
979 892 1112 954 Primum
1136 897 1216 958 enim
1238 917 1297 958 non

228 997 361 1073 inermis,
384 996 438 1058 sed
459 995 612 1059 nonnullis
635 995 794 1058 comitibus
816 989 891 1075 (μετ’
907 990 1042 1076 ὀλίγων)
1064 998 1165 1076 specie
1188 999 1298 1078 agendi

230 1101 267 1160 de
290 1100 372 1181 pacis
388 1098 607 1162 conditionibus
627 1097 812 1182 (εὶρηνινως)
835 1101 934 1160 castra
956 1099 1082 1172 introiit;
1107 1106 1171 1162 tum
1186 1102 1298 1163 frustra

229 1205 355 1264 conatus
385 1201 553 1263 exercitum
575 1219 776 1282 corrumpere,
807 1200 865 1261 nisi
887 1200 1027 1264 celeriter
1051 1203 1186 1270 subsidia
1208 1223 1298 1285 appa-

229 1304 371 1380 ruissent,
386 1303 563 1366 interiectns
579 1307 669 1365 esset.
696 1301 773 1364 Tum
789 1303 911 1364 demum
926 1307 988 1366 toto
1004 1305 1142 1368 exercitu
1156 1325 1298 1368 reversus

230 1398 325 1490 (μετὰ
346 1399 469 1480 παντὸς
497 1407 649 1492 στρατοῦ)
671 1405 778 1483 effecit,
802 1411 836 1466 ut
858 1405 991 1488 Lepidus
1014 1407 1146 1489 supplex
1169 1411 1298 1489 genibus

230 1510 441 1590 procumberet
463 1512 494 1570 et
516 1509 626 1570 milites
650 1508 716 1588 ojus
739 1508 777 1569 ad
800 1509 899 1588 ipsum
915 1509 1088 1572 transirent.
1111 1543 1151 1556 -
1175 1512 1300 1574 interea

231 1611 381 1674 Antonius
404 1613 518 1674 bellum
540 1630 608 1673 cum
631 1610 751 1672 Parthis
774 1609 935 1672 infeliciter
957 1613 1064 1690 gessit;
1089 1633 1167 1692 quas
1189 1615 1304 1700 deinde

231 1733 341 1776 causae
371 1714 487 1778 duobus
519 1715 593 1776 viris
623 1713 696 1776 belli
726 1714 893 1775 renovandi
920 1713 1042 1789 fuerint,
1071 1735 1131 1776 non
1158 1717 1232 1778 satis
1260 1737 1299 1778 ex

232 1818 353 1900 Vellejo
383 1819 490 1884 erunt.
547 1817 661 1878 Verum
698 1821 753 1892 est,
784 1817 960 1894 Antonium,
990 1823 1146 1880 crescente
1174 1817 1205 1878 iu
1236 1817 1300 1880 dies

232 1916 412 2006 Cleopatrae
435 1939 547 1995 amore,
570 1920 685 2000 patriae
708 1918 822 1980 bellum
846 1917 957 1980 inferre
977 1919 1180 1995 constituisse,
1205 1923 1255 1994 82,
1272 1923 1300 1982 4.

233 2019 294 2083 Sed
320 2020 505 2084 Octavianus
535 2021 625 2084 etiam
656 2018 782 2083 nSosio
805 2019 930 2082 consule
958 2019 1106 2084 invitatus
1133 2020 1301 2085 Antonium

232 2125 263 2186 in
291 2130 398 2186 senatu
427 2123 605 2205 proditionis
632 2124 786 2184 accusavit
808 2129 899 2202 atque
928 2127 962 2182 ut
985 2123 1098 2184 bellum
1122 2120 1301 2204 Cleopatrae

232 2227 423 2302 indiceretur,
453 2226 635 2308 impetravit.
676 2226 732 2286 Dio
761 2229 810 2301 50,
828 2230 855 2288 2,
878 2257 918 2269 -
941 2224 1015 2286 Post
1036 2244 1170 2306 pugnam
1192 2227 1302 2290 deinde

233 2329 388 2392 Actiacam
405 2325 569 2392 Gaesarem
583 2327 613 2388 in
632 2327 725 2390 victos
741 2326 921 2390 clementem
933 2327 1037 2403 fuisse,
1053 2329 1152 2390 miuus
1164 2335 1302 2390 constare

233 2433 362 2506 videtur,
385 2433 422 2493 cf.
445 2432 502 2494 Dio
519 2435 600 2506 51,2
617 2429 730 2494 τῶνδὲ
750 2431 935 2519 κορυφαίων
956 2430 1021 2494 τῶν
1044 2425 1302 2515 σνμπραξάντων

233 2557 266 2598 τι
288 2535 335 2616 τῷ
352 2530 512 2616 Ἀντωνίῳ
539 2527 677 2606 πολλοὺς
703 2533 763 2616 μὲν
789 2527 955 2619 χρήμασιν
977 2527 1137 2613 ἐζημίωσε,
1167 2525 1303 2607 πολλοὺς

234 2636 342 2702 δὲκαὶ
365 2632 516 2726 ἐφόνευσε
539 2639 592 2700 καί
614 2638 785 2702 τίνωνκαὶ
808 2637 967 2724 ἐφείσατο.
991 2672 1031 2680 -

319 2740 378 2803 His
408 2742 502 2821 igitur
532 2741 684 2821 exemplis
707 2740 780 2802 satis
810 2739 884 2801 mihi
906 2739 1162 2806 demonstravisse
1191 2741 1304 2817 videor,

235 2843 417 2907 adulationis
440 2845 563 2919 crimen,
586 2844 672 2923 cujus
689 2842 829 2923 Vellejus
851 2844 945 2923 vulgo
971 2851 1129 2906 accusatus
1151 2847 1207 2918 est,
1230 2846 1305 2906 dilui

235 2967 295 3012 non
317 2966 416 3028 posse,
439 2947 547 3028 iisque,
570 2946 621 3028 qui
645 2947 812 3008 accuratius
835 2947 866 3008 in
888 2946 1020 3026 Augusti
1043 2947 1137 3008 vitam
1152 2947 1305 3026 inquirere

235 3053 352 3126 volunt,
383 3048 530 3126 Tacitum,
564 3046 750 3126 Suetonium,
784 3049 914 3111 Dionem
943 3045 1082 3110 Cassium
1118 3049 1305 3112 adhibendos

236 3174 313 3230 essa,
336 3157 370 3214 ut
393 3153 564 3234 scripturos,
595 3152 648 3231 qui
671 3153 744 3214 satis
767 3152 819 3214 fidi
842 3150 1036 3214 existimandi
1059 3151 1121 3213 sint
1143 3156 1233 3232 atque
1256 3173 1305 3214 res

236 3258 274 3318 ab
306 3256 360 3318 illo
392 3255 527 3338 principe
559 3261 663 3335 gestas
692 3255 821 3335 ejusque
849 3271 948 3316 mores
980 3262 1071 3334 atque
1102 3259 1241 3319 naturam
1267 3256 1306 3316 ad

236 3360 379 3422 historiae
401 3358 492 3422 fidem
515 3358 682 3420 retulerint.
707 3393 739 3401 -

321 3462 440 3538 Restat,
470 3468 503 3521 ut
532 3459 570 3520 de
599 3479 713 3539 genere
740 3459 868 3533 dicendi,
901 3477 960 3538 quo
987 3458 1125 3540 Vellejus
1156 3479 1229 3521 usus
1259 3463 1306 3520 est

238 3564 436 3645 disputemus.
459 3597 500 3607 —-

323 3666 368 3728 Ac
396 3664 525 3746 primum
549 3665 672 3744 quidem
695 3665 800 3742 negari
823 3664 936 3744 nequit.
968 3663 1037 3724 hinc
1064 3663 1149 3726 illinc
1175 3663 1239 3743 jam
1261 3682 1307 3724 re-

239 3768 380 3830 centioris
409 3766 518 3828 aetatis
547 3767 677 3846 vestigia
707 3785 854 3846 apparere
883 3769 914 3826 et
935 3769 1092 3847 poetarum
1118 3766 1307 3846 potissimum

239 3869 488 3936 consuetudinem
522 3887 699 3950 expressam
734 3889 811 3930 esse.
865 3865 914 3932 Ita
946 3867 1021 3929 haec
1053 3867 1128 3930 abeo
1161 3867 1308 3930 vocabula

239 3976 423 4055 usurpantur

324 4093 356 4144 a.
399 4075 602 4136 substantiva:
647 4074 781 4154 dignatio
803 4097 846 4128 =
867 4071 964 4150 gloria
992 4071 1036 4132 Il.
1065 4075 1114 4145 52,
1145 4075 1172 4146 1,
1206 4075 1256 4144 69,
1279 4076 1307 4142 3,

241 4180 405 4242 dominium
421 4183 470 4252 80,
487 4182 515 4254 3,
537 4177 726 4238 conversatio
744 4180 813 4252 102,
830 4181 848 4238 3
864 4174 993 4255 patratio
1009 4179 1058 4249 98,
1075 4177 1093 4234 2
1116 4179 1311 4236 conservator
