<?xml version="1.0" encoding="UTF-8"?>
<!DOCTYPE html PUBLIC "-//W3C//DTD XHTML 1.0 Transitional//EN"
    "http://www.w3.org/TR/xhtml1/DTD/xhtml1-transitional.dtd">
<html xmlns="http://www.w3.org/1999/xhtml" xml:lang="en" lang="en">
 <head>
  <title>
</title>
<meta http-equiv="Content-Type" content="text/html;charset=utf-8" />
  <meta name='ocr-system' content='tesseract 3.04.00' />
  <meta name='ocr-capabilities' content='ocr_page ocr_carea ocr_par ocr_line ocrx_word'/>
</head>
<body>
  <div class='ocr_page' id='page_1' title='image "./demvellejopater00oppegoog_0028.png"; bbox 0 0 3210 4666; ppageno 0'>
   <div class='ocr_carea' id='block_1_1' title="bbox 658 867 837 948">
    <p class='ocr_par' dir='ltr' id='par_1_1' title="bbox 658 867 837 948">
     <span class='ocr_line' id='line_1_1' title="bbox 658 867 837 948; baseline -0.028 0"><span class='ocrx_word' id='word_1_1' title='bbox 658 867 837 948; x_wconf 81' lang='lat' dir='ltr'>Vita.</span> 
     </span>
    </p>
   </div>
   <div class='ocr_carea' id='block_1_2' title="bbox 208 1089 1286 2536">
    <p class='ocr_par' dir='ltr' id='par_1_2' title="bbox 208 1089 1286 2536">
     <span class='ocr_line' id='line_1_2' title="bbox 297 1089 1284 1216; baseline 0.001 -18"><span class='ocrx_word' id='word_1_2' title='bbox 297 1089 461 1200; x_wconf 81' lang='lat' dir='ltr'>llonracus</span> <span class='ocrx_word' id='word_1_3' title='bbox 488 1137 595 1214; x_wconf 85' lang='lat' dir='ltr'>(vulgo</span> <span class='ocrx_word' id='word_1_4' title='bbox 619 1132 706 1208; x_wconf 83' lang='lat' dir='ltr'>Ourt)</span> <span class='ocrx_word' id='word_1_5' title='bbox 729 1137 767 1196; x_wconf 91' lang='lat' dir='ltr'>de</span> <span class='ocrx_word' id='word_1_6' title='bbox 790 1134 899 1216; x_wconf 88' lang='lat' dir='ltr'>Oppen</span> <span class='ocrx_word' id='word_1_7' title='bbox 921 1135 976 1199; x_wconf 90' lang='lat' dir='ltr'>IV.</span> <span class='ocrx_word' id='word_1_8' title='bbox 999 1144 1070 1198; x_wconf 85' lang='lat' dir='ltr'>ante</span> <span class='ocrx_word' id='word_1_9' title='bbox 1094 1137 1198 1199; x_wconf 79' lang='lat' dir='ltr'>Nonas</span> <span class='ocrx_word' id='word_1_10' title='bbox 1213 1141 1284 1200; x_wconf 85' lang='lat' dir='ltr'>anui</span> 
     </span>
     <span class='ocr_line' id='line_1_3' title="bbox 212 1230 1285 1320; baseline 0 -20"><span class='ocrx_word' id='word_1_11' title='bbox 212 1241 238 1300; x_wconf 88' lang='lat' dir='ltr'>b.</span> <span class='ocrx_word' id='word_1_12' title='bbox 262 1260 285 1300; x_wconf 88' lang='lat' dir='ltr'>s.</span> <span class='ocrx_word' id='word_1_13' title='bbox 308 1237 406 1298; x_wconf 89' lang='lat' dir='ltr'>XLV.</span> <span class='ocrx_word' id='word_1_14' title='bbox 430 1239 459 1298; x_wconf 90' lang='lat' dir='ltr'>in</span> <span class='ocrx_word' id='word_1_15' title='bbox 475 1236 631 1317; x_wconf 90' lang='lat' dir='ltr'>oppidulo,</span> <span class='ocrx_word' id='word_1_16' title='bbox 654 1238 702 1298; x_wconf 89' lang='lat' dir='ltr'>cui</span> <span class='ocrx_word' id='word_1_17' title='bbox 718 1256 827 1300; x_wconf 88' lang='lat' dir='ltr'>nomen</span> <span class='ocrx_word' id='word_1_18' title='bbox 851 1246 899 1299; x_wconf 88' lang='lat' dir='ltr'>est</span> <span class='ocrx_word' id='word_1_19' title='bbox 915 1239 1053 1320; x_wconf 83' lang='lat' dir='ltr'>Reppcn‚</span> <span class='ocrx_word' id='word_1_20' title='bbox 1077 1241 1108 1300; x_wconf 90' lang='lat' dir='ltr'>in</span> <span class='ocrx_word' id='word_1_21' title='bbox 1125 1230 1285 1301; x_wconf 84' lang='lat' dir='ltr'><strong>Provincia</strong></span> 
     </span>
     <span class='ocr_line' id='line_1_4' title="bbox 212 1328 1285 1419; baseline 0.002 -19"><span class='ocrx_word' id='word_1_22' title='bbox 212 1341 464 1418; x_wconf 84' lang='lat' dir='ltr'>Brandenburgia</span> <span class='ocrx_word' id='word_1_23' title='bbox 487 1341 544 1400; x_wconf 86' lang='lat' dir='ltr'>sito</span> <span class='ocrx_word' id='word_1_24' title='bbox 561 1328 734 1399; x_wconf 89' lang='lat' dir='ltr'>natussum</span> <span class='ocrx_word' id='word_1_25' title='bbox 751 1345 836 1419; x_wconf 90' lang='lat' dir='ltr'>patre</span> <span class='ocrx_word' id='word_1_26' title='bbox 853 1340 1035 1415; x_wconf 80' lang='lat' dir='ltr'>Friedcrico,</span> <span class='ocrx_word' id='word_1_27' title='bbox 1058 1345 1155 1401; x_wconf 88' lang='lat' dir='ltr'>matre</span> <span class='ocrx_word' id='word_1_28' title='bbox 1172 1341 1285 1402; x_wconf 88' lang='lat' dir='ltr'>Bertba</span> 
     </span>
     <span class='ocr_line' id='line_1_5' title="bbox 210 1439 1284 1521; baseline 0 -17"><span class='ocrx_word' id='word_1_29' title='bbox 210 1447 342 1520; x_wconf 87' lang='lat' dir='ltr'>egente</span> <span class='ocrx_word' id='word_1_30' title='bbox 365 1443 403 1501; x_wconf 92' lang='lat' dir='ltr'>de</span> <span class='ocrx_word' id='word_1_31' title='bbox 427 1439 582 1521; x_wconf 76' lang='lat' dir='ltr'>Franpois,</span> <span class='ocrx_word' id='word_1_32' title='bbox 611 1459 740 1520; x_wconf 79' lang='lat' dir='ltr'>quorum</span> <span class='ocrx_word' id='word_1_33' title='bbox 763 1448 926 1521; x_wconf 88' lang='lat' dir='ltr'>utrumque</span> <span class='ocrx_word' id='word_1_34' title='bbox 955 1444 1019 1503; x_wconf 91' lang='lat' dir='ltr'>colo</span> <span class='ocrx_word' id='word_1_35' title='bbox 1050 1443 1148 1504; x_wconf 88' lang='lat' dir='ltr'>adbuc</span> <span class='ocrx_word' id='word_1_36' title='bbox 1171 1445 1284 1504; x_wconf 86' lang='lat' dir='ltr'>virum.</span> 
     </span>
     <span class='ocr_line' id='line_1_6' title="bbox 211 1542 1286 1621; baseline 0 -16"><span class='ocrx_word' id='word_1_37' title='bbox 211 1545 298 1605; x_wconf 80' lang='lat' dir='ltr'>Fidei</span> <span class='ocrx_word' id='word_1_38' title='bbox 313 1544 452 1604; x_wconf 83' lang='lat' dir='ltr'>addictus</span> <span class='ocrx_word' id='word_1_39' title='bbox 475 1562 541 1603; x_wconf 87' lang='lat' dir='ltr'>sum</span> <span class='ocrx_word' id='word_1_40' title='bbox 558 1542 762 1621; x_wconf 84' lang='lat' dir='ltr'>evangelicae.</span> <span class='ocrx_word' id='word_1_41' title='bbox 797 1543 906 1605; x_wconf 84' lang='lat' dir='ltr'>Primis</span> <span class='ocrx_word' id='word_1_42' title='bbox 923 1545 1098 1606; x_wconf 86' lang='lat' dir='ltr'>litterarum.</span> <span class='ocrx_word' id='word_1_43' title='bbox 1106 1545 1286 1606; x_wconf 87' lang='lat' dir='ltr'>rudimentis</span> 
     </span>
     <span class='ocr_line' id='line_1_7' title="bbox 209 1645 1286 1728; baseline 0 -22"><span class='ocrx_word' id='word_1_44' title='bbox 209 1648 376 1707; x_wconf 86' lang='lat' dir='ltr'>instructus</span> <span class='ocrx_word' id='word_1_45' title='bbox 406 1645 566 1706; x_wconf 80' lang='lat' dir='ltr'>duodecim</span> <span class='ocrx_word' id='word_1_46' title='bbox 595 1663 690 1704; x_wconf 89' lang='lat' dir='ltr'>annos</span> <span class='ocrx_word' id='word_1_47' title='bbox 716 1650 806 1705; x_wconf 88' lang='lat' dir='ltr'>natus</span> <span class='ocrx_word' id='word_1_48' title='bbox 827 1645 859 1704; x_wconf 91' lang='lat' dir='ltr'>in</span> <span class='ocrx_word' id='word_1_49' title='bbox 886 1647 1022 1724; x_wconf 84' lang='lat' dir='ltr'>quintam</span> <span class='ocrx_word' id='word_1_50' title='bbox 1045 1647 1175 1707; x_wconf 83' lang='lat' dir='ltr'><strong>classem</strong></span> <span class='ocrx_word' id='word_1_51' title='bbox 1197 1666 1286 1728; x_wconf 86' lang='lat' dir='ltr'>gym-</span> 
     </span>
     <span class='ocr_line' id='line_1_8' title="bbox 209 1746 1285 1825; baseline 0.001 -17"><span class='ocrx_word' id='word_1_52' title='bbox 209 1749 287 1808; x_wconf 90' lang='lat' dir='ltr'>nasii</span> <span class='ocrx_word' id='word_1_53' title='bbox 309 1747 599 1825; x_wconf 84' lang='lat' dir='ltr'>Wittenbergensis‚</span> <span class='ocrx_word' id='word_1_54' title='bbox 627 1746 708 1825; x_wconf 89' lang='lat' dir='ltr'>quod</span> <span class='ocrx_word' id='word_1_55' title='bbox 736 1752 800 1808; x_wconf 90' lang='lat' dir='ltr'>tum</span> <span class='ocrx_word' id='word_1_56' title='bbox 823 1746 951 1806; x_wconf 87' lang='lat' dir='ltr'>florebat</span> <span class='ocrx_word' id='word_1_57' title='bbox 973 1748 1124 1808; x_wconf 72' lang='lat' dir='ltr'>directore</span> <span class='ocrx_word' id='word_1_58' title='bbox 1147 1746 1285 1809; x_wconf 79' lang='lat' dir='ltr'>Schmidt</span> 
     </span>
     <span class='ocr_line' id='line_1_9' title="bbox 208 1845 1284 1929; baseline 0 -19"><span class='ocrx_word' id='word_1_59' title='bbox 208 1851 365 1911; x_wconf 85' lang='lat' dir='ltr'>traductus</span> <span class='ocrx_word' id='word_1_60' title='bbox 398 1868 474 1909; x_wconf 90' lang='lat' dir='ltr'>sum.</span> <span class='ocrx_word' id='word_1_61' title='bbox 530 1845 606 1908; x_wconf 90' lang='lat' dir='ltr'>Octo</span> <span class='ocrx_word' id='word_1_62' title='bbox 636 1849 724 1908; x_wconf 86' lang='lat' dir='ltr'>anuis</span> <span class='ocrx_word' id='word_1_63' title='bbox 754 1855 823 1929; x_wconf 92' lang='lat' dir='ltr'>post</span> <span class='ocrx_word' id='word_1_64' title='bbox 850 1868 924 1909; x_wconf 87' lang='lat' dir='ltr'>vere</span> <span class='ocrx_word' id='word_1_65' title='bbox 951 1851 1022 1910; x_wconf 87' lang='lat' dir='ltr'>anui</span> <span class='ocrx_word' id='word_1_66' title='bbox 1044 1847 1192 1912; x_wconf 87' lang='lat' dir='ltr'>LXVIII.</span> <span class='ocrx_word' id='word_1_67' title='bbox 1216 1869 1284 1910; x_wconf 90' lang='lat' dir='ltr'>curn</span> 
     </span>
     <span class='ocr_line' id='line_1_10' title="bbox 209 1950 1285 2013; baseline -0.002 0"><span class='ocrx_word' id='word_1_68' title='bbox 209 1953 380 2013; x_wconf 85' lang='lat' dir='ltr'>testimonio</span> <span class='ocrx_word' id='word_1_69' title='bbox 418 1951 599 2012; x_wconf 86' lang='lat' dir='ltr'>maturitatis</span> <span class='ocrx_word' id='word_1_70' title='bbox 636 1950 779 2012; x_wconf 89' lang='lat' dir='ltr'>dimissus</span> <span class='ocrx_word' id='word_1_71' title='bbox 816 1953 928 2012; x_wconf 87' lang='lat' dir='ltr'>almam</span> <span class='ocrx_word' id='word_1_72' title='bbox 962 1951 1191 2012; x_wconf 88' lang='lat' dir='ltr'>Beroliuensem</span> <span class='ocrx_word' id='word_1_73' title='bbox 1224 1952 1285 2012; x_wconf 91' lang='lat' dir='ltr'>adii</span> 
     </span>
     <span class='ocr_line' id='line_1_11' title="bbox 208 2051 1283 2133; baseline -0.002 -19"><span class='ocrx_word' id='word_1_74' title='bbox 208 2055 310 2133; x_wconf 84' lang='lat' dir='ltr'>ibique</span> <span class='ocrx_word' id='word_1_75' title='bbox 342 2053 527 2133; x_wconf 82' lang='lat' dir='ltr'>philologiae</span> <span class='ocrx_word' id='word_1_76' title='bbox 557 2053 666 2113; x_wconf 90' lang='lat' dir='ltr'>studiis</span> <span class='ocrx_word' id='word_1_77' title='bbox 695 2053 892 2132; x_wconf 81' lang='lat' dir='ltr'>quadriennio</span> <span class='ocrx_word' id='word_1_78' title='bbox 923 2072 1044 2133; x_wconf 84' lang='lat' dir='ltr'>opernm</span> <span class='ocrx_word' id='word_1_79' title='bbox 1073 2052 1151 2112; x_wconf 89' lang='lat' dir='ltr'>dedi.</span> <span class='ocrx_word' id='word_1_80' title='bbox 1196 2051 1283 2127; x_wconf 83' lang='lat' dir='ltr'>Tum,</span> 
     </span>
     <span class='ocr_line' id='line_1_12' title="bbox 208 2153 1283 2235; baseline -0.001 -20"><span class='ocrx_word' id='word_1_81' title='bbox 208 2165 369 2235; x_wconf 88' lang='lat' dir='ltr'>postquam</span> <span class='ocrx_word' id='word_1_82' title='bbox 391 2155 421 2214; x_wconf 89' lang='lat' dir='ltr'>in</span> <span class='ocrx_word' id='word_1_83' title='bbox 445 2153 655 2233; x_wconf 75' lang='lat' dir='ltr'>exploratione</span> <span class='ocrx_word' id='word_1_84' title='bbox 671 2154 840 2214; x_wconf 88' lang='lat' dir='ltr'>studiorum</span> <span class='ocrx_word' id='word_1_85' title='bbox 856 2155 898 2214; x_wconf 89' lang='lat' dir='ltr'>ita</span> <span class='ocrx_word' id='word_1_86' title='bbox 913 2156 1066 2234; x_wconf 82' lang='lat' dir='ltr'>respondi,</span> <span class='ocrx_word' id='word_1_87' title='bbox 1090 2159 1123 2213; x_wconf 90' lang='lat' dir='ltr'>ut</span> <span class='ocrx_word' id='word_1_88' title='bbox 1138 2154 1283 2214; x_wconf 77' lang='lat' dir='ltr'>facultate</span> 
     </span>
     <span class='ocr_line' id='line_1_13' title="bbox 209 2255 1283 2335; baseline -0.003 -18"><span class='ocrx_word' id='word_1_89' title='bbox 209 2258 336 2318; x_wconf 88' lang='lat' dir='ltr'>docendi</span> <span class='ocrx_word' id='word_1_90' title='bbox 366 2259 491 2335; x_wconf 85' lang='lat' dir='ltr'>dignum</span> <span class='ocrx_word' id='word_1_91' title='bbox 520 2274 570 2315; x_wconf 90' lang='lat' dir='ltr'>me</span> <span class='ocrx_word' id='word_1_92' title='bbox 597 2257 809 2334; x_wconf 82' lang='lat' dir='ltr'>praestiterim,</span> <span class='ocrx_word' id='word_1_93' title='bbox 843 2256 979 2334; x_wconf 85' lang='lat' dir='ltr'>magistri</span> <span class='ocrx_word' id='word_1_94' title='bbox 1010 2274 1136 2315; x_wconf 87' lang='lat' dir='ltr'>munere</span> <span class='ocrx_word' id='word_1_95' title='bbox 1162 2255 1283 2314; x_wconf 87' lang='lat' dir='ltr'>functus</span> 
     </span>
     <span class='ocr_line' id='line_1_14' title="bbox 209 2353 1284 2440; baseline -0.004 -21"><span class='ocrx_word' id='word_1_96' title='bbox 209 2380 276 2421; x_wconf 90' lang='lat' dir='ltr'>sum</span> <span class='ocrx_word' id='word_1_97' title='bbox 299 2379 334 2420; x_wconf 86' lang='lat' dir='ltr'>ao</span> <span class='ocrx_word' id='word_1_98' title='bbox 356 2360 485 2440; x_wconf 89' lang='lat' dir='ltr'>primum</span> <span class='ocrx_word' id='word_1_99' title='bbox 508 2359 632 2437; x_wconf 90' lang='lat' dir='ltr'>quidem</span> <span class='ocrx_word' id='word_1_100' title='bbox 655 2376 709 2438; x_wconf 92' lang='lat' dir='ltr'>per</span> <span class='ocrx_word' id='word_1_101' title='bbox 732 2357 886 2418; x_wconf 89' lang='lat' dir='ltr'>biennium</span> <span class='ocrx_word' id='word_1_102' title='bbox 907 2356 1101 2436; x_wconf 86' lang='lat' dir='ltr'>Potsdampii‚</span> <span class='ocrx_word' id='word_1_103' title='bbox 1125 2362 1191 2416; x_wconf 89' lang='lat' dir='ltr'>tum</span> <span class='ocrx_word' id='word_1_104' title='bbox 1209 2353 1284 2416; x_wconf 82' lang='lat' dir='ltr'>Ber-</span> 
     </span>
     <span class='ocr_line' id='line_1_15' title="bbox 209 2461 668 2536; baseline -0.002 -14"><span class='ocrx_word' id='word_1_105' title='bbox 209 2481 324 2536; x_wconf 86' lang='lat' dir='ltr'>menae,</span> <span class='ocrx_word' id='word_1_106' title='bbox 348 2461 458 2522; x_wconf 83' lang='lat' dir='ltr'>abhinc</span> <span class='ocrx_word' id='word_1_107' title='bbox 479 2467 542 2521; x_wconf 89' lang='lat' dir='ltr'>tres</span> <span class='ocrx_word' id='word_1_108' title='bbox 565 2479 668 2522; x_wconf 84' lang='lat' dir='ltr'>annos.</span> 
     </span>
    </p>
   </div>
   <div class='ocr_carea' id='block_1_3' title="bbox 0 0 1610 4666">
    <p class='ocr_par' dir='ltr' id='par_1_3' title="bbox 0 0 1610 4666">
     <span class='ocr_line' id='line_1_16' title="bbox 0 0 1610 4666; baseline 0 2"><span class='ocrx_word' id='word_1_109' title='bbox 0 0 1610 4666; x_wconf 95' lang='lat' dir='ltr'> </span> 
     </span>
    </p>
   </div>
  </div>
 </body>
</html>
