3210 4666
308 275 356 346 20

363 505 366 514 ¹
393 481 481 544 Hace
503 481 541 541 de
564 480 748 542 ornamentis
771 481 923 555 orationis,
950 499 1140 559 quaequam
1163 481 1225 540 late
1247 480 1380 560 pateant,

305 587 368 667 jam
384 585 458 646 satis
475 583 679 664 explicavisse
696 581 768 643 mihi
781 582 894 644 videor.
909 616 950 626 --
967 579 1010 643 Ut
1024 587 1125 644 tamen
1142 601 1274 662 prorsus,
1291 582 1380 660 quale

308 688 503 767 Vellejanum
527 684 766 763 dicendi'genus
790 685 838 760 sit,
861 685 1078 764 intelligamus,
1108 684 1200 763 hujus
1223 684 1267 744 rei
1289 684 1380 744 etiarn

307 790 382 852 ratio
405 787 545 850 habenda
567 787 633 862 erit,
657 787 752 866 quod,
784 792 818 847 ut
837 789 901 868 jam
929 807 1021 869 supra
1049 788 1229 872 monuimus,
1253 787 1381 866 scriptor

309 894 411 952 noster
444 909 503 950 nou
533 908 636 950 eorum
659 907 751 964 more,
784 891 836 968 qui
869 891 934 952 sola
959 891 1137 971 scriptorum
1160 889 1251 950 laude
1273 889 1381 950 florere

307 993 460 1068 uolebant,
494 993 565 1052 inde
595 991 732 1071 aprima
758 993 920 1072 juveutute
947 993 1103 1072 ingenium
1131 993 1228 1052 multa
1249 991 1380 1070 legendo

308 1095 526 1174 scribendoque
543 1095 728 1168 excoluerat,
745 1096 798 1156 sed
814 1096 1002 1175 provectiore
1018 1095 1139 1156 demum
1156 1098 1255 1155 aetate
1270 1092 1380 1154 litteris

308 1215 431 1280 operam
449 1197 531 1260 -dare
560 1199 710 1277 coeperat.
754 1196 947 1278 Quapropter
976 1216 1035 1257 non
1058 1197 1170 1258 desunt
1191 1198 1380 1275 argumenta,

308 1319 386 1380 quae
412 1300 546 1363 caruisse
571 1287 658 1360 illum
680 1300 737 1360 hac
759 1299 910 1360 scribendi
933 1299 1157 1379 opportunitate
1180 1298 1316 1378 prodant.
1338 1332 1380 1342 -

306 1404 358 1464 Ita
379 1401 495 1483 periodi
517 1402 640 1482 majoris
663 1401 796 1464 ambitus
819 1404 891 1462 sunt
912 1401 1071 1482 ejusmodi,
1093 1404 1127 1462 ut
1149 1401 1266 1460 duobus
1286 1419 1380 1460 enun-

307 1504 377 1568 ciati
400 1503 543 1566 membris
559 1505 644 1584 copia
659 1504 888 1582 adjectivorum,
911 1504 1134 1584 participiorum
1152 1503 1379 1563 enunciatorum

307 1606 512 1679 relativorum,
528 1606 816 1686 parenthesiumque
832 1607 1029 1667 contineatur.
1067 1603 1154 1675 Quae
1170 1625 1274 1667 omnes
1286 1622 1379 1683 quum

308 1708 463 1770 aKritaio
486 1711 566 1788 (pag.
590 1706 848 1782 axe-LXIV.)
867 1709 931 1788 jam
954 1709 1100 1770 collectae
1123 1709 1192 1782 sint,
1215 1707 1289 1768 satis
1313 1706 1378 1780 erit,

307 1813 367 1873 duo
400 1811 543 1890 exempla
572 1813 642 1870 ante
672 1811 774 1872 oculos
804 1812 949 1892 posuisse.
978 1811 1015 1872 el.
1037 1807 1078 1872 11.
1107 1812 1197 1884 18,1.
1247 1806 1380 1867 Perea

308 1918 480 1994 tempora
502 1911 763 1988 Mithridates,
793 1913 936 1974 Ponticus
959 1933 1014 1973 rex
1041 1913 1089 1972 rir
1111 1899 1219 1990 neque'
1234 1906 1379 1983 silendus,
1410 1893 1413 1896 ¹

307 2035 406 2095 neque
433 2014 579 2075 dicendus
601 2014 666 2075 sine
689 2033 769 2091 eura,
798 2015 880 2076 bello
903 2017 1076 2090 acerrimus,
1102 2014 1216 2074 virtute
1239 2013 1378 2086 eximius,

307 2117 469 2197 aliqnando
485 2117 606 2177 fortuna
621 2136 742 2196 semper
756 2117 855 2176 animo
871 2117 1033 2192 maximus,
1053 2117 1186 2177 consiliis
1202 2116 1275 2190 dux,
1292 2115 1379 2175 miles

307 2237 407 2292 mann,
430 2217 497 2278 odio
521 2218 552 2277 in
575 2215 729 2278 Romanos
752 2217 916 2292 Hannibal,
941 2223 1086 2299 occupata
1109 2217 1182 2278 Asia
1204 2218 1379 2296 necatisque

305 2321 336 2380 in
373 2339 409 2380 ea
439 2319 578 2380 omnibus
612 2319 728 2381 ciuibus
751 2319 908 2396 Romanis,
941 2341 1016 2401 quos
1045 2320 1168 2400 quidem
1195 2319 1303 2379 eadem
1331 2318 1379 2378 die

307 2426 399 2500 atque
427 2423 501 2482 hora
528 2420 654 2481 redditis
684 2421 858 2482 civitatibus
881 2423 991 2483 litteris
1013 2424 1043 2483 in
1067 2422 1152 2502 genti
1174 2441 1240 2481 cum
1265 2419 1379 2502 pollici·

308 2525 422 2585 tatione
452 2523 653 2604 praemiorum
687 2523 817 2584 interimi
844 2524 988 2602 jusserat,
1022 2545 1080 2604 quo
1115 2530 1251 2602 tempore
1279 2541 1379 2601 neque

307 2624 483 2688 fortitudine
517 2623 664 2684 adversus
691 2623 908 2701 Mithridatem,
942 2645 1041 2708 neque
1073 2627 1134 2687 fide
1163 2628 1193 2687 in
1226 2627 1380 2688 Romanos

308 2729 468 2810 qnisquam
484 2723 612 2788 Rhodiis
635 2727 772 2806 perluit,
795 2727 913 2802 (horum
929 2727 1019 2789 fidem
1036 2730 1294 2810 Mytilenaeorum
1314 2745 1380 2807 per-

307 2829 380 2892 fidia
400 2828 593 2904 illuminavit,
617 2827 669 2908 qui
684 2824 733 2888 M’.
750 2828 907 2908 Aquilium
928 2831 1063 2912 aliosque
1078 2832 1248 2892 Mithridati
1262 2829 1381 2890 vinctos

309 2931 507 3008 tradiderunt,
540 2930 649 3012 quibus
680 2931 805 2992 libertas
838 2933 868 2992 in
903 2933 992 2993 unius
1025 2932 1219 3015 Theophanis
1252 2932 1381 3012 gratiam

309 3040 416 3116 postea
444 3051 462 3094 a
490 3032 635 3113 Pompejo
669 3032 809 3094 restituta
842 3034 900 3108 est)
934 3054 1011 3096 eum
1036 3035 1219 3097 terribilis
1242 3031 1382 3095 Italiae

310 3154 456 3215 quoque
479 3135 679 3195 videretur
700 3135 910 3210 imminere,
935 3140 1036 3198 sorte
1066 3137 1224 3198 obvenit
1246 3133 1382 3196 Sullae

312 3237 400 3298 Asia
428 3237 630 3316 provincia.
675 3234 714 3298 II.
732 3241 782 3313 41,
809 3247 822 3298 1
852 3235 987 3300 Caesar
1016 3239 1203 3300 nobilissima
1232 3238 1383 3299 Juliorum

311 3339 432 3418 genitus
462 3338 577 3398 familia
607 3345 636 3399 et
659 3340 739 3419 quod
768 3341 848 3402 inter
877 3361 981 3402 omnes
1005 3349 1132 3416 constat,
1164 3340 1382 3420 antiquissima,

311 3440 349 3501 ab
372 3437 506 3499 Anchise
532 3457 568 3500 ac
592 3439 711 3502 Venere
740 3443 892 3503 deducens
915 3463 1022 3522 genus,
1049 3443 1145 3505 forma
1173 3443 1306 3504 omnium
1330 3462 1383 3502 ex-

312 3540 556 3616 cellentissimus,
581 3543 687 3620 vigore
709 3545 801 3606 enimi
818 3546 990 3620 acerrimus,
1013 3544 1219 3606 munificentia
1242 3543 1384 3605 effusissi-

312 3661 389 3718 mus‚
418 3641 516 3703 animo
545 3661 637 3723 super
666 3629 833 3706 humanam¹
858 3651 889 3708 et
918 3649 1055 3708 naturam
1083 3650 1114 3706 et
1135 3647 1227 3707 fidem
1250 3648 1383 3721 evectus,

312 3744 522 3822 magnitudine
537 3745 762 3824 cogitationum,
786 3749 941 3810 eeleritate
955 3749 1097 3824 bellandi,
1113 3749 1259 3829 patientia
1274 3767 1384 3826 magno

313 3847 359 3907 illi
380 3845 569 3922 Alexandro,
600 3849 653 3908 sed
683 3850 781 3912 sobrio
813 3872 912 3931 neque
942 3852 1094 3926 iracundo,
1123 3852 1305 3926 simillimus,
1332 3831 1385 3930 dui

314 3948 445 4028 denique
467 3968 589 4030 semper
604 3957 635 4012 et
649 3972 755 4013 somno
771 3960 802 4014 et
816 3955 881 4015 cibo
896 3955 927 4014 in
943 3954 1047 4029 vitam,
1070 3972 1130 4015 non
1146 3955 1176 4015 in
1196 3956 1384 4034 voluptatem

315 4053 459 4126 uteretur,
493 4071 560 4112 cum
594 4054 703 4114 fuisset
736 4052 769 4116 Ο.
801 4055 897 4116 Mario
929 4056 1078 4136 sanguine
1112 4054 1385 4136 conjunctissimus,

315 4157 407 4232 atquc
434 4153 515 4214 idem
544 4151 659 4216 Cinnae
687 4177 790 4236 gener,
818 4159 904 4240 cujus
927 4159 1020 4220 filiam
1042 4161 1076 4217 ut
1098 4158 1280 4237 repudiaret,
1302 4157 1386 4219 nullo
