3210 4666
328 260 371 330 18

323 465 354 526 in
371 466 530 526 sententiis
546 466 808 546 antithesibusque
824 487 879 547 per
894 471 990 529 totum
1003 490 1078 550 opus
1091 469 1216 546 diffusis,
1233 472 1395 550 exquibus

325 569 405 630 haud
435 588 511 644 raro,
543 569 648 648 quanti
677 569 791 648 ingenii
821 573 912 650 atque
935 572 1090 634 acumenis
1125 572 1216 634 suerit
1245 572 1394 653 Vellejus,

282 695 285 698 ·
323 672 524 750 cognoscitur,
555 669 727 746 cr.1.2,3
758 673 826 750 quis
849 669 983 733 Codrum
1013 693 1072 734 non
1102 674 1235 750 miretur,
1266 675 1318 754 qui
1348 675 1394 736 his

324 774 439 834 artibus
468 779 596 834 mortem
626 774 821 853 quaesiverit,
851 776 961 854 quibus
990 776 1028 835 ab
1057 775 1177 854 ignavis
1204 777 1268 837 rita
1289 778 1396 856 quaeri

323 877 417 936 solct?
440 873 465 936 Ι.
489 879 517 951 9,
535 881 562 938 6.
607 873 706 944 Quam
730 876 769 936 sit
791 875 914 936 assidua
944 877 1105 938 eminentis
1131 879 1270 940 fortunae
1293 898 1394 940 comcs

321 978 436 1038 invidia
458 977 674 1056 altissimisque
704 977 867 1039 adhaereat
890 1023 896 1036 .
921 1023 927 1040 .
950 976 973 1039 Ι.
1002 982 1084 1054 12,7
1108 981 1184 1042 adeo
1207 980 1308 1042 odium
1331 999 1393 1041 cer-

320 1079 485 1140 taminibus
515 1081 613 1140 ortum
643 1078 723 1138 ultra
744 1081 859 1138 metum
882 1080 971 1142 durat
994 1083 1025 1141 et
1045 1101 1082 1141 ne
1106 1083 1136 1143 in
1161 1082 1247 1143 victis
1270 1083 1393 1162 quidem

321 1181 481 1260 deponitur
503 1201 602 1260 neque
625 1183 696 1242 ante
718 1181 850 1241 inuisum
873 1201 941 1243 esse
964 1181 1075 1243 desinit
1096 1203 1188 1262 quam
1209 1203 1277 1244 esse
1304 1185 1394 1246 desiit
1438 1187 1441 1199 '

319 1281 344 1344 I.
369 1289 418 1359 17,
435 1288 452 1346 6
477 1284 531 1344 alit
553 1283 715 1344 aemulatio
731 1283 853 1362 ingenia
869 1288 899 1344 et
915 1302 995 1344 nune
1010 1284 1125 1345 invidia
1139 1304 1219 1344 nunc
1235 1285 1392 1346 admiratio

320 1387 517 1448 imitationem
533 1384 682 1458 accendit3
708 1389 896 1464 matureque,
921 1386 1000 1467 quod
1016 1405 1132 1446 summo
1149 1387 1248 1447 studio
1265 1387 1392 1467 petitum

320 1493 376 1562 cst,
399 1487 558 1548 adscendit
579 1488 609 1546 in
633 1506 797 1548 summum:
823 1487 1016 1567 difficilisque
1035 1489 1216 1567 inperfecto
1234 1493 1390 1550 moreest:

320 1591 568 1669 naturaliterque‚
600 1589 680 1668 quod
708 1590 872 1668 procedere
896 1608 953 1651 non
978 1592 1086 1669 potest,
1117 1591 1239 1652 recedit.
1262 1582 1304 1652 II.
1328 1595 1389 1665 3,3

320 1690 388 1752 Non
413 1691 491 1752 enim
508 1691 549 1751 ibi
565 1691 735 1751 consistunt
750 1692 902 1772 exempla,
925 1692 1007 1752 unde
1022 1697 1195 1771 coeperunt,
1218 1693 1272 1752 sed
1288 1711 1392 1772 quam-

319 1795 394 1854 libet
408 1794 439 1854 in
455 1795 578 1853 tenuem
594 1794 716 1870 recepta
739 1779 890 1853 tramitem
910 1793 1057 1853 latissime
1072 1795 1223 1872 evagandi
1237 1794 1294 1855 sibi
1311 1796 1392 1854 viam

318 1897 445 1969 faciunt3
470 1899 500 1955 et
522 1894 574 1954 ubi
596 1894 691 1954 semel
715 1898 797 1954 recto
820 1894 994 1956 deerratum
1017 1899 1073 1970 est,
1103 1896 1133 1955 in
1156 1914 1302 1976 praeceps
1326 1916 1391 1976 per-

319 1998 448 2060 venitur.
470 1993 511 2057 II.
537 2000 620 2072 10,1
646 1996 721 2056 adeo
745 2000 862 2056 mature
878 2017 895 2057 a
910 1997 1000 2057 rectis
1023 1997 1053 2057 in
1077 2016 1179 2076 prava,
1203 2016 1221 2058 a
1243 1999 1345 2078 prauis
1360 1999 1390 2058 in
1448 2057 1452 2064 ,

319 2102 401 2176 vitia,
417 2099 531 2160 avitiis
547 2098 577 2159 iu
594 2097 769 2178 praecipitia
784 2099 971 2178 pervenitur,
994 2095 1036 2158 11.
1053 2103 1102 2174 30,
1116 2103 1133 2158 2
1151 2099 1226 2160 adeo
1243 2099 1390 2160 familiare

318 2207 365 2263 est
387 2202 567 2276 hominibus,
598 2200 698 2260 omnia
721 2199 778 2259 sibi
799 2199 966 2277 ignoscere,
994 2200 1069 2262 nihil
1093 2201 1160 2261 aliis
1183 2202 1336 2262 remittere
1361 2203 1391 2260 et

318 2304 462 2365 invidiam
479 2321 579 2363 rerum
595 2319 654 2362 non
670 2301 708 2362 ad
725 2319 846 2362 causam
862 2300 916 2361 sed
933 2301 970 2362 ad
983 2302 1172 2363 voluntatem
1183 2322 1390 2382 personasque

319 2407 458 2485 dirigere.
502 2401 653 2480 11.31‚4
685 2402 766 2464 Raro
794 2404 875 2463 enim
905 2423 1009 2464 eorum
1038 2404 1201 2465 honoribus
1229 2405 1391 2482 invidetur,

319 2508 516 2588 quorumvis
545 2525 603 2566 non
631 2505 755 2565 timetur
776 2501 817 2565 II.
842 2507 926 2580 57,3
950 2506 1004 2565 sed
1027 2506 1161 2585 profacto
1189 2506 1392 2568 ineluctabilis

318 2612 449 2672 fatorum
473 2611 527 2684 vis,
550 2609 758 2686 cujuscunque
773 2609 925 2668 fortunam
941 2612 1058 2669 mature
1079 2609 1244 2685 constituit,
1267 2608 1392 2670 consilia

318 2714 483 2792 corrumpit
499 2709 545 2774 ,ΙΙ.
569 2713 652 2785 ow
677 2710 752 2770 adeo
782 2708 914 2769 difficilis
942 2713 989 2770 est
1019 2709 1189 2771 hominibus
1217 2715 1251 2772 ut
1272 2728 1391 2790 cunque

318 2817 481 2893 conceptae
493 2814 558 2893 spei
573 2831 662 2873 mora
679 2810 720 2873 II.
739 2815 807 2887 102,
821 2817 838 2872 3
856 2812 966 2873 etenim
980 2831 1101 2893 semper
1111 2830 1240 2891 magnae
1252 2812 1391 2874 fortunae

319 2935 419 2977 comes
447 2919 495 2976 est
522 2916 664 2976 adulatio.
707 2911 749 2975 II.
774 2918 878 2989 110,3
910 2913 1046 2994 Rumpit,
1075 2913 1228 2975 interdum
1258 2919 1392 2976 moratur

319 3018 473 3099 proposita
494 3018 650 3079 hominum
677 3017 805 3078 fortuna.
829 3013 869 3076 II.
896 3019 1000 3091 116,3
1046 3013 1154 3094 Neque
1185 3017 1265 3077 enim
1289 3018 1391 3097 justus
1437 3017 1442 3028 '

318 3120 384 3181 sine
406 3120 562 3181 mendacio
585 3120 698 3180 candor
719 3119 798 3198 apud
822 3118 917 3178 bonos
940 3117 1056 3179 crimini
1079 3122 1134 3180 ast.
1158 3153 1199 3162 -—
1219 3116 1261 3180 H.
1286 3122 1388 3194 1‘27,1

319 3224 400 3284 Raro
423 3223 593 3284 eminentes
615 3221 672 3282 viri
695 3240 754 3282 non
769 3220 887 3298 magnis
903 3219 1092 3298 adjutoribus
1109 3221 1146 3280 ad
1162 3221 1391 3300 gubernandam

318 3344 405 3386 suam
438 3326 589 3387 fortunam
621 3324 669 3384 usi
701 3325 780 3384 sunt.
824 3320 865 3383 ΙΙ.
890 3327 975 3399 91,4
1007 3321 1128 3404 Quippe
1161 3324 1203 3384 ita
1233 3343 1267 3384 se
1293 3342 1392 3384 mores

319 3428 440 3503 habent,
471 3433 504 3488 ut
533 3426 655 3507 publica
676 3426 805 3504 quisque
835 3425 923 3486 ruina
945 3426 1031 3487 malit
1054 3427 1200 3502 occidere,
1222 3444 1313 3505 quam
1337 3443 1392 3486 sua

319 3531 438 3611 proteri.
461 3561 503 3573 -

403 3699 427 3762 I.
454 3704 536 3778 13,5
561 3699 629 3761 Non
661 3704 762 3761 tamen
785 3701 867 3780 puto,
896 3699 1025 3778 dubites,
1054 3701 1126 3782 quin
1149 3700 1205 3760 hae
1231 3700 1392 3780 prudentia

318 3804 372 3865 illa
393 3802 596 3882 imprudentia
619 3802 719 3862 decori
742 3802 862 3881 publico
886 3801 978 3864 suerit
1002 3801 1237 3864 convenientior.
1259 3799 1300 3862 II.
1327 3805 1392 3878 9,4

319 3903 388 3974 Quo
411 3905 534 3983 quidem
557 3911 693 3985 tempore
711 3905 844 3985 juvenes
867 3904 965 3964 adhue
987 3903 1141 3983 Jugurtha
1168 3909 1199 3964 et
1221 3904 1337 3964 Marius
1361 3903 1391 3964 in

318 4007 462 4068 iisdem
484 4009 591 4069 castris
614 4007 754 4083 didicere,
779 4024 857 4086 quae
880 4009 986 4086 postea
1008 4007 1038 4067 in
1062 4005 1219 4067 contrariis
1246 4006 1391 4088 facerent.

319 4105 359 4169 ΙΙ.
386 4113 465 4184 17,1
492 4108 651 4171 Cornelius
675 4105 771 4183 Sulla,
795 4109 848 4187 qui
865 4127 964 4188 neque
984 4109 1022 4169 ad
1045 4109 1167 4168 sineru
1190 4105 1391 4168 victoriae
