<?xml version="1.0" encoding="UTF-8"?>
<!DOCTYPE html PUBLIC "-//W3C//DTD XHTML 1.0 Transitional//EN"
    "http://www.w3.org/TR/xhtml1/DTD/xhtml1-transitional.dtd">
<html xmlns="http://www.w3.org/1999/xhtml" xml:lang="en" lang="en">
 <head>
  <title>
</title>
<meta http-equiv="Content-Type" content="text/html;charset=utf-8" />
  <meta name='ocr-system' content='tesseract 3.04.00' />
  <meta name='ocr-capabilities' content='ocr_page ocr_carea ocr_par ocr_line ocrx_word'/>
</head>
<body>
  <div class='ocr_page' id='page_1' title='image "./demvellejopater00oppegoog_0026.png"; bbox 0 0 3210 4666; ppageno 0'>
   <div class='ocr_carea' id='block_1_1' title="bbox 1245 291 1290 362">
    <p class='ocr_par' dir='ltr' id='par_1_1' title="bbox 1245 291 1290 362">
     <span class='ocr_line' id='line_1_1' title="bbox 1245 291 1290 362; baseline 0 0"><span class='ocrx_word' id='word_1_1' title='bbox 1245 291 1290 362; x_wconf 76' lang='lat' dir='ltr'>cl</span> 
     </span>
    </p>
   </div>
   <div class='ocr_carea' id='block_1_2' title="bbox 222 495 1296 580">
    <p class='ocr_par' dir='ltr' id='par_1_2' title="bbox 222 495 1296 580">
     <span class='ocr_line' id='line_1_2' title="bbox 222 495 1296 580; baseline -0.004 -19"><span class='ocrx_word' id='word_1_2' title='bbox 222 503 304 561; x_wconf 91' lang='lat' dir='ltr'>metu</span> <span class='ocrx_word' id='word_1_3' title='bbox 327 498 470 579; x_wconf 88' lang='lat' dir='ltr'>compelli</span> <span class='ocrx_word' id='word_1_4' title='bbox 492 499 599 580; x_wconf 88' lang='lat' dir='ltr'>potnit,</span> <span class='ocrx_word' id='word_1_5' title='bbox 622 517 690 560; x_wconf 90' lang='lat' dir='ltr'>cum</span> <span class='ocrx_word' id='word_1_6' title='bbox 713 499 754 560; x_wconf 87' lang='lat' dir='ltr'>M.</span> <span class='ocrx_word' id='word_1_7' title='bbox 778 497 847 559; x_wconf 88' lang='lat' dir='ltr'>Piso</span> <span class='ocrx_word' id='word_1_8' title='bbox 870 499 1036 559; x_wconf 87' lang='lat' dir='ltr'>consularis</span> <span class='ocrx_word' id='word_1_9' title='bbox 1052 495 1193 572; x_wconf 82' lang='lat' dir='ltr'>Anniam,</span> <span class='ocrx_word' id='word_1_10' title='bbox 1210 517 1296 578; x_wconf 86' lang='lat' dir='ltr'>quae</span> 
     </span>
    </p>
   </div>
   <div class='ocr_carea' id='block_1_3' title="bbox 112 601 1296 680">
    <p class='ocr_par' dir='ltr' id='par_1_3' title="bbox 112 601 1296 680">
     <span class='ocr_line' id='line_1_3' title="bbox 112 601 1296 680; baseline -0.004 -15"><span class='ocrx_word' id='word_1_11' title='bbox 112 613 116 620; x_wconf 91' lang='lat'>&#39;</span> <span class='ocrx_word' id='word_1_12' title='bbox 224 601 340 664; x_wconf 83' lang='lat' dir='ltr'>Cinnae</span> <span class='ocrx_word' id='word_1_13' title='bbox 356 620 435 662; x_wconf 87' lang='lat' dir='ltr'>uxor</span> <span class='ocrx_word' id='word_1_14' title='bbox 450 602 559 677; x_wconf 88' lang='lat' dir='ltr'>suerat,</span> <span class='ocrx_word' id='word_1_15' title='bbox 576 603 606 662; x_wconf 91' lang='lat' dir='ltr'>in</span> <span class='ocrx_word' id='word_1_16' title='bbox 623 601 728 662; x_wconf 83' lang='lat' dir='ltr'>Sullae</span> <span class='ocrx_word' id='word_1_17' title='bbox 744 601 910 663; x_wconf 76' lang='lat' dir='ltr'>dimisisset</span> <span class='ocrx_word' id='word_1_18' title='bbox 924 601 1063 680; x_wconf 78' lang='lat' dir='ltr'>gratiam,</span> <span class='ocrx_word' id='word_1_19' title='bbox 1080 601 1296 680; x_wconf 79' lang='lat' dir='ltr'>habuissetque</span> 
     </span>
    </p>
   </div>
   <div class='ocr_carea' id='block_1_4' title="bbox 214 699 1344 3440">
    <p class='ocr_par' dir='ltr' id='par_1_4' title="bbox 218 699 1297 1091">
     <span class='ocr_line' id='line_1_4' title="bbox 221 699 1297 784; baseline -0.002 -18"><span class='ocrx_word' id='word_1_20' title='bbox 221 705 285 766; x_wconf 84' lang='lat' dir='ltr'>fere</span> <span class='ocrx_word' id='word_1_21' title='bbox 310 704 520 784; x_wconf 84' lang='lat' dir='ltr'>duodeuiginti</span> <span class='ocrx_word' id='word_1_22' title='bbox 545 723 639 764; x_wconf 85' lang='lat' dir='ltr'>annos</span> <span class='ocrx_word' id='word_1_23' title='bbox 662 723 698 764; x_wconf 88' lang='lat' dir='ltr'>eo</span> <span class='ocrx_word' id='word_1_24' title='bbox 720 708 866 784; x_wconf 83' lang='lat' dir='ltr'>tempore,</span> <span class='ocrx_word' id='word_1_25' title='bbox 889 721 949 782; x_wconf 90' lang='lat' dir='ltr'>quo</span> <span class='ocrx_word' id='word_1_26' title='bbox 966 699 1053 764; x_wconf 66' lang='lat' dir='ltr'>Stella</span> <span class='ocrx_word' id='word_1_27' title='bbox 1067 719 1168 766; x_wconf 89' lang='lat' dir='ltr'>rernm</span> <span class='ocrx_word' id='word_1_28' title='bbox 1184 703 1297 784; x_wconf 86' lang='lat' dir='ltr'>potitus</span> 
     </span>
     <span class='ocr_line' id='line_1_5' title="bbox 221 803 1295 885; baseline -0.001 -19"><span class='ocrx_word' id='word_1_29' title='bbox 221 813 277 882; x_wconf 89' lang='lat' dir='ltr'>est,</span> <span class='ocrx_word' id='word_1_30' title='bbox 312 808 410 885; x_wconf 89' lang='lat' dir='ltr'>magis</span> <span class='ocrx_word' id='word_1_31' title='bbox 444 805 588 865; x_wconf 85' lang='lat' dir='ltr'>ministris</span> <span class='ocrx_word' id='word_1_32' title='bbox 610 803 715 868; x_wconf 82' lang='lat' dir='ltr'>Sullae</span> <span class='ocrx_word' id='word_1_33' title='bbox 738 806 776 868; x_wconf 75' lang='lat' dir='ltr'>ad</span> <span class='ocrx_word' id='word_1_34' title='bbox 806 805 1018 885; x_wconf 87' lang='lat' dir='ltr'>jotoribusque</span> <span class='ocrx_word' id='word_1_35' title='bbox 1047 807 1178 885; x_wconf 86' lang='lat' dir='ltr'>partium</span> <span class='ocrx_word' id='word_1_36' title='bbox 1205 824 1295 884; x_wconf 87' lang='lat' dir='ltr'>quam</span> 
     </span>
     <span class='ocr_line' id='line_1_6' title="bbox 218 895 1296 989; baseline 0 -21"><span class='ocrx_word' id='word_1_37' title='bbox 218 908 286 989; x_wconf 91' lang='lat' dir='ltr'>ipso</span> <span class='ocrx_word' id='word_1_38' title='bbox 308 905 555 988; x_wconf 78' lang='lat' dir='ltr'>conquirentibus</span> <span class='ocrx_word' id='word_1_39' title='bbox 577 909 702 969; x_wconf 87' lang='lat' dir='ltr'>eumad</span> <span class='ocrx_word' id='word_1_40' title='bbox 724 927 838 984; x_wconf 88' lang='lat' dir='ltr'>necem,</span> <span class='ocrx_word' id='word_1_41' title='bbox 861 911 978 968; x_wconf 88' lang='lat' dir='ltr'>mutata</span> <span class='ocrx_word' id='word_1_42' title='bbox 1000 895 1087 970; x_wconf 85' lang='lat' dir='ltr'>veste</span> <span class='ocrx_word' id='word_1_43' title='bbox 1104 908 1296 970; x_wconf 88' lang='lat' dir='ltr'>dissimilem-</span> 
     </span>
     <span class='ocr_line' id='line_1_7' title="bbox 220 1009 1296 1091; baseline 0.001 -21"><span class='ocrx_word' id='word_1_44' title='bbox 220 1029 278 1091; x_wconf 91' lang='lat' dir='ltr'>que</span> <span class='ocrx_word' id='word_1_45' title='bbox 295 1011 433 1072; x_wconf 87' lang='lat' dir='ltr'>fortnnao</span> <span class='ocrx_word' id='word_1_46' title='bbox 448 1028 522 1070; x_wconf 87' lang='lat' dir='ltr'>suae</span> <span class='ocrx_word' id='word_1_47' title='bbox 538 1009 661 1070; x_wconf 86' lang='lat' dir='ltr'>indutus</span> <span class='ocrx_word' id='word_1_48' title='bbox 684 1010 831 1084; x_wconf 82' lang='lat' dir='ltr'>habiturn,</span> <span class='ocrx_word' id='word_1_49' title='bbox 854 1015 965 1071; x_wconf 90' lang='lat' dir='ltr'>nocte</span> <span class='ocrx_word' id='word_1_50' title='bbox 988 1011 1146 1091; x_wconf 89' lang='lat' dir='ltr'>clapsus</span> <span class='ocrx_word' id='word_1_51' title='bbox 1169 1014 1237 1071; x_wconf 88' lang='lat' dir='ltr'>est.</span> <span class='ocrx_word' id='word_1_52' title='bbox 1254 1043 1296 1052; x_wconf 86' lang='lat'>-</span> 
     </span>
    </p>

    <p class='ocr_par' dir='ltr' id='par_1_5' title="bbox 214 1109 1344 3440">
     <span class='ocr_line' id='line_1_8' title="bbox 306 1109 1294 1189; baseline 0.001 -16"><span class='ocrx_word' id='word_1_53' title='bbox 306 1113 399 1174; x_wconf 89' lang='lat' dir='ltr'>Porro</span> <span class='ocrx_word' id='word_1_54' title='bbox 422 1112 609 1174; x_wconf 81' lang='lat' dir='ltr'>concinnitas</span> <span class='ocrx_word' id='word_1_55' title='bbox 625 1113 743 1174; x_wconf 88' lang='lat' dir='ltr'>dicendi</span> <span class='ocrx_word' id='word_1_56' title='bbox 767 1114 797 1173; x_wconf 89' lang='lat' dir='ltr'>in</span> <span class='ocrx_word' id='word_1_57' title='bbox 814 1112 860 1172; x_wconf 88' lang='lat' dir='ltr'>his</span> <span class='ocrx_word' id='word_1_58' title='bbox 876 1113 951 1174; x_wconf 84' lang='lat' dir='ltr'>locis</span> <span class='ocrx_word' id='word_1_59' title='bbox 966 1112 1163 1172; x_wconf 83' lang='lat' dir='ltr'>desideretur.</span> <span class='ocrx_word' id='word_1_60' title='bbox 1186 1109 1210 1173; x_wconf 92' lang='lat'>1.</span> <span class='ocrx_word' id='word_1_61' title='bbox 1234 1115 1294 1189; x_wconf 61' lang='lat' dir='ltr'>Ab</span> 
     </span>
     <span class='ocr_line' id='line_1_9' title="bbox 221 1213 1296 1294; baseline 0 -18"><span class='ocrx_word' id='word_1_62' title='bbox 221 1213 444 1294; x_wconf 79' lang='lat' dir='ltr'>Utriusque</span> <span class='ocrx_word' id='word_1_63' title='bbox 467 1213 567 1274; x_wconf 87' lang='lat' dir='ltr'>urbis</span> <span class='ocrx_word' id='word_1_64' title='bbox 591 1215 703 1276; x_wconf 85' lang='lat' dir='ltr'>eximia</span> <span class='ocrx_word' id='word_1_65' title='bbox 725 1216 756 1275; x_wconf 91' lang='lat' dir='ltr'>in</span> <span class='ocrx_word' id='word_1_66' title='bbox 780 1215 933 1275; x_wconf 86' lang='lat' dir='ltr'>Romanos</span> <span class='ocrx_word' id='word_1_67' title='bbox 956 1215 1028 1275; x_wconf 81' lang='lat' dir='ltr'>iacit</span> <span class='ocrx_word' id='word_1_68' title='bbox 1055 1214 1132 1274; x_wconf 86' lang='lat' dir='ltr'>fides</span> <span class='ocrx_word' id='word_1_69' title='bbox 1155 1234 1221 1275; x_wconf 89' lang='lat' dir='ltr'>eas</span> <span class='ocrx_word' id='word_1_70' title='bbox 1244 1233 1296 1276; x_wconf 91' lang='lat' dir='ltr'>no-</span> 
     </span>
     <span class='ocr_line' id='line_1_10' title="bbox 219 1315 1296 1396; baseline 0.001 -20"><span class='ocrx_word' id='word_1_71' title='bbox 219 1316 336 1378; x_wconf 90' lang='lat' dir='ltr'>bilitate</span> <span class='ocrx_word' id='word_1_72' title='bbox 351 1315 546 1394; x_wconf 83' lang='lat' dir='ltr'>dignissimas</span> <span class='ocrx_word' id='word_1_73' title='bbox 561 1335 629 1396; x_wconf 84' lang='lat' dir='ltr'>pro:</span> <span class='ocrx_word' id='word_1_74' title='bbox 653 1323 814 1396; x_wconf 82' lang='lat' dir='ltr'>utramque</span> <span class='ocrx_word' id='word_1_75' title='bbox 829 1315 935 1376; x_wconf 86' lang='lat' dir='ltr'>urbem</span> <span class='ocrx_word' id='word_1_76' title='bbox 951 1317 1022 1377; x_wconf 82' lang='lat' dir='ltr'>fecit</span> <span class='ocrx_word' id='word_1_77' title='bbox 1036 1317 1114 1376; x_wconf 90' lang='lat' dir='ltr'>fides</span> <span class='ocrx_word' id='word_1_78' title='bbox 1138 1317 1296 1378; x_wconf 87' lang='lat' dir='ltr'>nobilitate</span> 
     </span>
     <span class='ocr_line' id='line_1_11' title="bbox 219 1416 1295 1499; baseline 0 -19"><span class='ocrx_word' id='word_1_79' title='bbox 219 1419 441 1499; x_wconf 88' lang='lat' dir='ltr'>dignissimum.</span> <span class='ocrx_word' id='word_1_80' title='bbox 506 1416 548 1480; x_wconf 89' lang='grc' dir='ltr'>ΙΙ.</span> <span class='ocrx_word' id='word_1_81' title='bbox 589 1424 617 1495; x_wconf 87' lang='grc'>4,</span> <span class='ocrx_word' id='word_1_82' title='bbox 641 1422 670 1478; x_wconf 87' lang='grc'>4.</span> <span class='ocrx_word' id='word_1_83' title='bbox 701 1416 769 1493; x_wconf 84' lang='lat' dir='ltr'>Hic,</span> <span class='ocrx_word' id='word_1_84' title='bbox 810 1437 878 1478; x_wconf 88' lang='lat' dir='ltr'>eum</span> <span class='ocrx_word' id='word_1_85' title='bbox 916 1419 1122 1498; x_wconf 86' lang='lat' dir='ltr'>interrogante</span> <span class='ocrx_word' id='word_1_86' title='bbox 1164 1419 1295 1494; x_wconf 86' lang='lat' dir='ltr'>tribuno,</span> 
     </span>
     <span class='ocr_line' id='line_1_12' title="bbox 217 1519 1296 1603; baseline -0.001 -21"><span class='ocrx_word' id='word_1_87' title='bbox 217 1522 375 1602; x_wconf 86' lang='lat' dir='ltr'>respondit</span> <span class='ocrx_word' id='word_1_88' title='bbox 403 1539 469 1600; x_wconf 90' lang='lat' dir='ltr'>pro:</span> <span class='ocrx_word' id='word_1_89' title='bbox 507 1520 556 1581; x_wconf 89' lang='lat' dir='ltr'>hic</span> <span class='ocrx_word' id='word_1_90' title='bbox 585 1522 790 1598; x_wconf 83' lang='lat' dir='ltr'>interrogatus</span> <span class='ocrx_word' id='word_1_91' title='bbox 819 1522 975 1602; x_wconf 90' lang='lat' dir='ltr'>respondit</span> <span class='ocrx_word' id='word_1_92' title='bbox 1001 1519 1042 1582; x_wconf 90' lang='grc' dir='ltr'>ΙΙ.</span> <span class='ocrx_word' id='word_1_93' title='bbox 1067 1525 1152 1598; x_wconf 78' lang='grc'>24,5</span> <span class='ocrx_word' id='word_1_94' title='bbox 1175 1523 1213 1583; x_wconf 94' lang='lat' dir='ltr'>de</span> <span class='ocrx_word' id='word_1_95' title='bbox 1236 1541 1296 1603; x_wconf 91' lang='lat' dir='ltr'>quo</span> 
     </span>
     <span class='ocr_line' id='line_1_13' title="bbox 218 1622 1296 1704; baseline 0.004 -22"><span class='ocrx_word' id='word_1_96' title='bbox 218 1641 292 1682; x_wconf 81' lang='lat' dir='ltr'>uere</span> <span class='ocrx_word' id='word_1_97' title='bbox 334 1622 392 1682; x_wconf 86' lang='lat' dir='ltr'>dici</span> <span class='ocrx_word' id='word_1_98' title='bbox 425 1624 535 1702; x_wconf 87' lang='lat' dir='ltr'>potest,</span> <span class='ocrx_word' id='word_1_99' title='bbox 574 1641 643 1683; x_wconf 92' lang='lat' dir='ltr'>eum</span> <span class='ocrx_word' id='word_1_100' title='bbox 677 1641 785 1682; x_wconf 86' lang='lat' dir='ltr'>ausum</span> <span class='ocrx_word' id='word_1_101' title='bbox 819 1641 896 1699; x_wconf 88' lang='lat' dir='ltr'>esse,</span> <span class='ocrx_word' id='word_1_102' title='bbox 930 1642 1000 1704; x_wconf 92' lang='lat' dir='ltr'>pro:</span> <span class='ocrx_word' id='word_1_103' title='bbox 1046 1626 1097 1703; x_wconf 91' lang='lat' dir='ltr'>qui</span> <span class='ocrx_word' id='word_1_104' title='bbox 1130 1644 1203 1685; x_wconf 85' lang='lat' dir='ltr'>rere</span> <span class='ocrx_word' id='word_1_105' title='bbox 1238 1625 1296 1686; x_wconf 89' lang='lat' dir='ltr'>dici</span> 
     </span>
     <span class='ocr_line' id='line_1_14' title="bbox 219 1725 1296 1804; baseline 0.002 -20"><span class='ocrx_word' id='word_1_106' title='bbox 219 1727 321 1804; x_wconf 86' lang='lat' dir='ltr'>potest</span> <span class='ocrx_word' id='word_1_107' title='bbox 337 1743 428 1782; x_wconf 88' lang='lat' dir='ltr'>ausus</span> <span class='ocrx_word' id='word_1_108' title='bbox 444 1744 520 1785; x_wconf 87' lang='lat' dir='ltr'>esse.</span> <span class='ocrx_word' id='word_1_109' title='bbox 558 1725 609 1787; x_wconf 83' lang='lat' dir='ltr'>Ex</span> <span class='ocrx_word' id='word_1_110' title='bbox 626 1727 733 1787; x_wconf 86' lang='lat' dir='ltr'>eodem</span> <span class='ocrx_word' id='word_1_111' title='bbox 749 1728 832 1787; x_wconf 83' lang='lat' dir='ltr'>fonte</span> <span class='ocrx_word' id='word_1_112' title='bbox 848 1727 1062 1787; x_wconf 89' lang='lat' dir='ltr'>nonnullorum</span> <span class='ocrx_word' id='word_1_113' title='bbox 1081 1727 1296 1788; x_wconf 87' lang='lat' dir='ltr'>uocabulorum</span> 
     </span>
     <span class='ocr_line' id='line_1_15' title="bbox 217 1807 1295 1907; baseline 0.005 -22"><span class='ocrx_word' id='word_1_114' title='bbox 217 1827 269 1887; x_wconf 87' lang='lat' dir='ltr'>vel</span> <span class='ocrx_word' id='word_1_115' title='bbox 292 1807 477 1888; x_wconf 79' lang='lat' dir='ltr'>locutionum</span> <span class='ocrx_word' id='word_1_116' title='bbox 502 1847 574 1888; x_wconf 90' lang='lat' dir='ltr'>usus</span> <span class='ocrx_word' id='word_1_117' title='bbox 597 1828 862 1907; x_wconf 79' lang='lat' dir='ltr'>frequentissimus</span> <span class='ocrx_word' id='word_1_118' title='bbox 885 1828 1013 1889; x_wconf 83' lang='lat' dir='ltr'>fluxisse</span> <span class='ocrx_word' id='word_1_119' title='bbox 1036 1829 1165 1891; x_wconf 88' lang='lat' dir='ltr'>uidetur.</span> <span class='ocrx_word' id='word_1_120' title='bbox 1188 1864 1229 1873; x_wconf 90' lang='lat'>—</span> <span class='ocrx_word' id='word_1_121' title='bbox 1253 1827 1295 1890; x_wconf 90' lang='lat' dir='ltr'>Hi</span> 
     </span>
     <span class='ocr_line' id='line_1_16' title="bbox 217 1927 1294 2010; baseline 0.004 -22"><span class='ocrx_word' id='word_1_122' title='bbox 217 1927 297 1988; x_wconf 90' lang='lat' dir='ltr'>enim</span> <span class='ocrx_word' id='word_1_123' title='bbox 320 1928 377 1988; x_wconf 90' lang='lat' dir='ltr'>loci</span> <span class='ocrx_word' id='word_1_124' title='bbox 404 1929 552 2008; x_wconf 84' lang='lat' dir='ltr'>praebent</span> <span class='ocrx_word' id='word_1_125' title='bbox 574 1949 649 2010; x_wconf 89' lang='lat' dir='ltr'>„per</span> <span class='ocrx_word' id='word_1_126' title='bbox 671 1931 747 1990; x_wconf 86' lang='lat' dir='ltr'>haee</span> <span class='ocrx_word' id='word_1_127' title='bbox 774 1937 923 2010; x_wconf 90' lang='lat' dir='ltr'>tempora:</span> <span class='ocrx_word' id='word_1_128' title='bbox 958 1928 983 1992; x_wconf 86' lang='lat' dir='ltr'>I.</span> <span class='ocrx_word' id='word_1_129' title='bbox 1007 1935 1072 2007; x_wconf 87' lang='grc'>4,4</span> <span class='ocrx_word' id='word_1_130' title='bbox 1094 1929 1119 1993; x_wconf 93' lang='grc' dir='ltr'>Ι.</span> <span class='ocrx_word' id='word_1_131' title='bbox 1147 1935 1226 2007; x_wconf 90' lang='lat'>10,1</span> <span class='ocrx_word' id='word_1_132' title='bbox 1252 1927 1294 1992; x_wconf 90' lang='grc' dir='ltr'>Π.</span> 
     </span>
     <span class='ocr_line' id='line_1_17' title="bbox 218 2032 1294 2113; baseline 0.002 -23"><span class='ocrx_word' id='word_1_133' title='bbox 218 2033 281 2104; x_wconf 77' lang='grc'>9,2</span> <span class='ocrx_word' id='word_1_134' title='bbox 308 2033 390 2103; x_wconf 80' lang='lat'>18,1</span> <span class='ocrx_word' id='word_1_135' title='bbox 416 2033 492 2104; x_wconf 85' lang='grc'>34,1</span> <span class='ocrx_word' id='word_1_136' title='bbox 521 2035 601 2105; x_wconf 81' lang='grc'>47,1</span> <span class='ocrx_word' id='word_1_137' title='bbox 628 2034 707 2107; x_wconf 84' lang='grc'>75,1</span> <span class='ocrx_word' id='word_1_138' title='bbox 735 2035 815 2104; x_wconf 78' lang='grc'>78,2</span> <span class='ocrx_word' id='word_1_139' title='bbox 840 2037 1070 2112; x_wconf 80' lang='lat' dir='ltr'>81,2—quas</span> <span class='ocrx_word' id='word_1_140' title='bbox 1086 2032 1294 2113; x_wconf 84' lang='lat' dir='ltr'>praediximus</span> 
     </span>
     <span class='ocr_line' id='line_1_18' title="bbox 216 2130 1293 2211; baseline 0.002 -19"><span class='ocrx_word' id='word_1_141' title='bbox 216 2133 267 2192; x_wconf 85' lang='lat' dir='ltr'>vel</span> <span class='ocrx_word' id='word_1_142' title='bbox 302 2135 336 2192; x_wconf 91' lang='lat' dir='ltr'>nt</span> <span class='ocrx_word' id='word_1_143' title='bbox 368 2132 556 2211; x_wconf 88' lang='lat' dir='ltr'>praedictum</span> <span class='ocrx_word' id='word_1_144' title='bbox 592 2138 639 2193; x_wconf 88' lang='lat' dir='ltr'>est</span> <span class='ocrx_word' id='word_1_145' title='bbox 671 2133 785 2194; x_wconf 86' lang='lat' dir='ltr'>habent</span> <span class='ocrx_word' id='word_1_146' title='bbox 814 2132 839 2196; x_wconf 93' lang='grc' dir='ltr'>Ι.</span> <span class='ocrx_word' id='word_1_147' title='bbox 870 2139 952 2209; x_wconf 79' lang='lat'>12,1</span> <span class='ocrx_word' id='word_1_148' title='bbox 982 2131 1007 2196; x_wconf 95' lang='lat' dir='ltr'>I.</span> <span class='ocrx_word' id='word_1_149' title='bbox 1033 2138 1116 2211; x_wconf 82' lang='lat'>15,4</span> <span class='ocrx_word' id='word_1_150' title='bbox 1143 2130 1184 2195; x_wconf 92' lang='grc' dir='ltr'>ΙΙ.</span> <span class='ocrx_word' id='word_1_151' title='bbox 1211 2137 1293 2210; x_wconf 79' lang='lat'>12,2</span> 
     </span>
     <span class='ocr_line' id='line_1_19' title="bbox 218 2233 1293 2316; baseline 0.004 -23"><span class='ocrx_word' id='word_1_152' title='bbox 218 2237 302 2309; x_wconf 79' lang='lat'><strong>25‚3</strong></span> <span class='ocrx_word' id='word_1_153' title='bbox 326 2236 412 2308; x_wconf 79' lang='lat'><strong>26,3</strong></span> <span class='ocrx_word' id='word_1_154' title='bbox 436 2237 522 2308; x_wconf 78' lang='lat'><strong>39‚2</strong></span> <span class='ocrx_word' id='word_1_155' title='bbox 546 2238 1023 2312; x_wconf 78' lang='lat'>66,173,382‚390,194,&#39;1</span> <span class='ocrx_word' id='word_1_156' title='bbox 1048 2233 1293 2316; x_wconf 77' lang='lat' dir='ltr'><strong>125,5II.1,2</strong></span> 
     </span>
     <span class='ocr_line' id='line_1_20' title="bbox 219 2337 1295 2416; baseline 0.003 -22"><span class='ocrx_word' id='word_1_157' title='bbox 219 2339 301 2410; x_wconf 92' lang='lat'>11,1</span> <span class='ocrx_word' id='word_1_158' title='bbox 333 2340 413 2411; x_wconf 83' lang='lat'><strong>29,1</strong></span> <span class='ocrx_word' id='word_1_159' title='bbox 441 2339 524 2411; x_wconf 81' lang='lat'><strong>47,1</strong></span> <span class='ocrx_word' id='word_1_160' title='bbox 558 2340 641 2413; x_wconf 52' lang='lat' dir='ltr'>76st</span> <span class='ocrx_word' id='word_1_161' title='bbox 666 2340 748 2412; x_wconf 79' lang='lat'>98,1</span> <span class='ocrx_word' id='word_1_162' title='bbox 783 2341 887 2413; x_wconf 68' lang='lat' dir='ltr'>losa</span> <span class='ocrx_word' id='word_1_163' title='bbox 914 2371 948 2378; x_wconf 82' lang='lat'>·-</span> <span class='ocrx_word' id='word_1_164' title='bbox 974 2337 1004 2397; x_wconf 93' lang='lat' dir='ltr'>in</span> <span class='ocrx_word' id='word_1_165' title='bbox 1028 2337 1182 2416; x_wconf 80' lang='lat' dir='ltr'>fastigium</span> <span class='ocrx_word' id='word_1_166' title='bbox 1205 2337 1295 2398; x_wconf 85' lang='lat' dir='ltr'>evehi</span> 
     </span>
     <span class='ocr_line' id='line_1_21' title="bbox 216 2435 1344 2522; baseline 0 -23"><span class='ocrx_word' id='word_1_167' title='bbox 216 2435 366 2511; x_wconf 83' lang='lat'><strong>11.53,3</strong></span> <span class='ocrx_word' id='word_1_168' title='bbox 397 2440 481 2513; x_wconf 83' lang='grc'>56,3</span> <span class='ocrx_word' id='word_1_169' title='bbox 511 2441 593 2511; x_wconf 83' lang='grc'>65,1</span> <span class='ocrx_word' id='word_1_170' title='bbox 624 2443 706 2515; x_wconf 85' lang='grc'>69,1</span> <span class='ocrx_word' id='word_1_171' title='bbox 742 2443 845 2514; x_wconf 85' lang='grc'>116,3</span> <span class='ocrx_word' id='word_1_172' title='bbox 871 2441 975 2512; x_wconf 71' lang='lat' dir='ltr'>msa</span> <span class='ocrx_word' id='word_1_173' title='bbox 1003 2439 1150 2518; x_wconf 85' lang='lat' dir='ltr'>particula</span> <span class='ocrx_word' id='word_1_174' title='bbox 1172 2440 1294 2520; x_wconf 89' lang='lat' dir='ltr'>quippe,</span> <span class='ocrx_word' id='word_1_175' title='bbox 1340 2513 1344 2522; x_wconf 33' lang='grc' dir='ltr'>Ι</span> 
     </span>
     <span class='ocr_line' id='line_1_22' title="bbox 216 2538 1293 2620; baseline 0.003 -21"><span class='ocrx_word' id='word_1_176' title='bbox 216 2539 393 2620; x_wconf 85' lang='lat' dir='ltr'>saepissime</span> <span class='ocrx_word' id='word_1_177' title='bbox 415 2539 445 2599; x_wconf 88' lang='lat' dir='ltr'>in</span> <span class='ocrx_word' id='word_1_178' title='bbox 469 2539 701 2618; x_wconf 88' lang='lat' dir='ltr'>parenthesibus</span> <span class='ocrx_word' id='word_1_179' title='bbox 724 2540 890 2600; x_wconf 89' lang='lat' dir='ltr'>inferendis</span> <span class='ocrx_word' id='word_1_180' title='bbox 913 2541 1011 2619; x_wconf 87' lang='lat' dir='ltr'>posita</span> <span class='ocrx_word' id='word_1_181' title='bbox 1033 2541 1157 2619; x_wconf 87' lang='lat' dir='ltr'>legitur:</span> <span class='ocrx_word' id='word_1_182' title='bbox 1182 2538 1205 2600; x_wconf 92' lang='lat' dir='ltr'>I.</span> <span class='ocrx_word' id='word_1_183' title='bbox 1232 2547 1293 2617; x_wconf 86' lang='lat'>1,3</span> 
     </span>
     <span class='ocr_line' id='line_1_23' title="bbox 218 2638 1289 2719; baseline 0 -17"><span class='ocrx_word' id='word_1_184' title='bbox 218 2638 1289 2719; x_wconf 79' lang='lat'>11,211.1,11,52,111,313‚115‚215,518,420,1</span> 
     </span>
     <span class='ocr_line' id='line_1_24' title="bbox 217 2729 1293 2823; baseline 0.001 -17"><span class='ocrx_word' id='word_1_185' title='bbox 217 2729 1293 2823; x_wconf 55' lang='lat' dir='ltr'>nemaei35‚532,sao,240‚3‘39,1aaraaraaa</span> 
     </span>
     <span class='ocr_line' id='line_1_25' title="bbox 216 2849 1292 2924; baseline 0 -16"><span class='ocrx_word' id='word_1_186' title='bbox 216 2851 303 2923; x_wconf 68' lang='lat'><strong>4⁵,4</strong></span> <span class='ocrx_word' id='word_1_187' title='bbox 326 2851 409 2923; x_wconf 85' lang='grc'>48,1</span> <span class='ocrx_word' id='word_1_188' title='bbox 436 2849 659 2923; x_wconf 78' lang='lat'>54‚1,256,3</span> <span class='ocrx_word' id='word_1_189' title='bbox 684 2852 764 2923; x_wconf 83' lang='lat'><strong>62,3</strong></span> <span class='ocrx_word' id='word_1_190' title='bbox 790 2853 868 2923; x_wconf 83' lang='grc'>68,1</span> <span class='ocrx_word' id='word_1_191' title='bbox 896 2849 977 2922; x_wconf 60' lang='lat'>725</span> <span class='ocrx_word' id='word_1_192' title='bbox 1003 2851 1082 2922; x_wconf 83' lang='grc'>74,1</span> <span class='ocrx_word' id='word_1_193' title='bbox 1110 2852 1292 2924; x_wconf 85' lang='grc'>76,178,3</span> 
     </span>
     <span class='ocr_line' id='line_1_26' title="bbox 218 2953 1293 3027; baseline 0 -15"><span class='ocrx_word' id='word_1_194' title='bbox 218 2953 347 3026; x_wconf 83' lang='grc'>79,1,5</span> <span class='ocrx_word' id='word_1_195' title='bbox 375 2953 460 3024; x_wconf 88' lang='grc'>80,3</span> <span class='ocrx_word' id='word_1_196' title='bbox 489 2953 572 3025; x_wconf 79' lang='grc'>82,1</span> <span class='ocrx_word' id='word_1_197' title='bbox 604 2955 686 3025; x_wconf 88' lang='grc'>83,1</span> <span class='ocrx_word' id='word_1_198' title='bbox 719 2955 804 3027; x_wconf 81' lang='grc'>85,2</span> <span class='ocrx_word' id='word_1_199' title='bbox 833 2953 882 3023; x_wconf 88' lang='grc'>91,</span> <span class='ocrx_word' id='word_1_200' title='bbox 900 2953 965 3025; x_wconf 82' lang='grc'>2,4</span> <span class='ocrx_word' id='word_1_201' title='bbox 989 2953 1071 3025; x_wconf 85' lang='grc'>96,1</span> <span class='ocrx_word' id='word_1_202' title='bbox 1099 2953 1293 3026; x_wconf 83' lang='grc'>98,199,3</span> 
     </span>
     <span class='ocr_line' id='line_1_27' title="bbox 217 3051 1293 3128; baseline -0.003 -14"><span class='ocrx_word' id='word_1_203' title='bbox 217 3055 320 3127; x_wconf 87' lang='grc'>103,1</span> <span class='ocrx_word' id='word_1_204' title='bbox 359 3055 463 3127; x_wconf 86' lang='grc'>104,3</span> <span class='ocrx_word' id='word_1_205' title='bbox 500 3055 605 3126; x_wconf 86' lang='grc'>109,4</span> <span class='ocrx_word' id='word_1_206' title='bbox 643 3054 747 3128; x_wconf 84' lang='grc'>115,4</span> <span class='ocrx_word' id='word_1_207' title='bbox 783 3056 889 3128; x_wconf 85' lang='grc'>118,4</span> <span class='ocrx_word' id='word_1_208' title='bbox 925 3057 1030 3126; x_wconf 72' lang='lat' dir='ltr'>rrae</span> <span class='ocrx_word' id='word_1_209' title='bbox 1063 3055 1133 3128; x_wconf 82' lang='lat'><strong>121,</strong></span> <span class='ocrx_word' id='word_1_210' title='bbox 1150 3057 1178 3114; x_wconf 89' lang='lat'>3.</span> <span class='ocrx_word' id='word_1_211' title='bbox 1223 3051 1293 3112; x_wconf 89' lang='lat' dir='ltr'>Huc</span> 
     </span>
     <span class='ocr_line' id='line_1_28' title="bbox 214 3153 1305 3234; baseline 0 -20"><span class='ocrx_word' id='word_1_212' title='bbox 214 3154 347 3234; x_wconf 86' lang='lat' dir='ltr'>pertinet</span> <span class='ocrx_word' id='word_1_213' title='bbox 370 3153 500 3233; x_wconf 90' lang='lat' dir='ltr'>denique</span> <span class='ocrx_word' id='word_1_214' title='bbox 524 3154 662 3233; x_wconf 88' lang='lat' dir='ltr'>ejusdem</span> <span class='ocrx_word' id='word_1_215' title='bbox 687 3154 825 3215; x_wconf 88' lang='lat' dir='ltr'>vocabuli</span> <span class='ocrx_word' id='word_1_216' title='bbox 849 3154 927 3214; x_wconf 86' lang='lat' dir='ltr'>intra</span> <span class='ocrx_word' id='word_1_217' title='bbox 957 3172 1121 3232; x_wconf 88' lang='lat' dir='ltr'>paucorum</span> <span class='ocrx_word' id='word_1_218' title='bbox 1149 3163 1305 3215; x_wconf 75' lang='lat' dir='ltr'>versuum¹</span> 
     </span>
     <span class='ocr_line' id='line_1_29' title="bbox 215 3253 1292 3336; baseline 0.003 -22"><span class='ocrx_word' id='word_1_219' title='bbox 215 3256 347 3336; x_wconf 87' lang='lat' dir='ltr'>spatium</span> <span class='ocrx_word' id='word_1_220' title='bbox 359 3256 507 3335; x_wconf 87' lang='lat' dir='ltr'>repetitio.</span> <span class='ocrx_word' id='word_1_221' title='bbox 522 3255 559 3317; x_wconf 85' lang='lat' dir='ltr'>cf.</span> <span class='ocrx_word' id='word_1_222' title='bbox 575 3253 599 3316; x_wconf 94' lang='lat' dir='ltr'>I.</span> <span class='ocrx_word' id='word_1_223' title='bbox 618 3262 684 3318; x_wconf 91' lang='lat'>1.1.</span> <span class='ocrx_word' id='word_1_224' title='bbox 711 3255 815 3336; x_wconf 85' lang='lat' dir='ltr'>Epeus</span> <span class='ocrx_word' id='word_1_225' title='bbox 827 3259 1056 3335; x_wconf 88' lang='lat' dir='ltr'>tempestate</span> <span class='ocrx_word' id='word_1_226' title='bbox 1069 3257 1231 3317; x_wconf 86' lang='lat' dir='ltr'>distractus</span> <span class='ocrx_word' id='word_1_227' title='bbox 1255 3302 1260 3315; x_wconf 91' lang='lat'><strong>.</strong></span> <span class='ocrx_word' id='word_1_228' title='bbox 1285 3302 1292 3317; x_wconf 93' lang='lat'><strong>.</strong></span> 
     </span>
     <span class='ocr_line' id='line_1_30' title="bbox 215 3356 1292 3440; baseline -0.002 -22"><span class='ocrx_word' id='word_1_229' title='bbox 215 3357 257 3418; x_wconf 91' lang='lat' dir='ltr'>At</span> <span class='ocrx_word' id='word_1_230' title='bbox 278 3377 334 3418; x_wconf 85' lang='lat' dir='ltr'>rex</span> <span class='ocrx_word' id='word_1_231' title='bbox 357 3377 463 3437; x_wconf 85' lang='lat' dir='ltr'>regum</span> <span class='ocrx_word' id='word_1_232' title='bbox 483 3359 691 3438; x_wconf 79' lang='lat' dir='ltr'>Agamemnon</span> <span class='ocrx_word' id='word_1_233' title='bbox 716 3361 940 3440; x_wconf 85' lang='lat' dir='ltr'>tempestate</span> <span class='ocrx_word' id='word_1_234' title='bbox 963 3358 993 3418; x_wconf 92' lang='lat' dir='ltr'>in</span> <span class='ocrx_word' id='word_1_235' title='bbox 1015 3356 1137 3420; x_wconf 84' lang='lat' dir='ltr'>Oretum</span> <span class='ocrx_word' id='word_1_236' title='bbox 1160 3358 1292 3418; x_wconf 88' lang='lat' dir='ltr'>insulam</span> 
     </span>
    </p>
   </div>
   <div class='ocr_carea' id='block_1_5' title="bbox 214 3453 1391 3540">
    <p class='ocr_par' dir='ltr' id='par_1_6' title="bbox 214 3453 1391 3540">
     <span class='ocr_line' id='line_1_31' title="bbox 214 3453 1391 3540; baseline 0 -22"><span class='ocrx_word' id='word_1_237' title='bbox 214 3460 346 3539; x_wconf 86' lang='lat' dir='ltr'>rejectus</span> <span class='ocrx_word' id='word_1_238' title='bbox 369 3456 394 3522; x_wconf 90' lang='lat' dir='ltr'>I.</span> <span class='ocrx_word' id='word_1_239' title='bbox 418 3465 491 3535; x_wconf 80' lang='lat'><em>2,1.</em></span> <span class='ocrx_word' id='word_1_240' title='bbox 538 3459 660 3540; x_wconf 88' lang='lat' dir='ltr'>Pelopis</span> <span class='ocrx_word' id='word_1_241' title='bbox 675 3462 838 3540; x_wconf 88' lang='lat' dir='ltr'>progenies</span> <span class='ocrx_word' id='word_1_242' title='bbox 858 3459 1061 3540; x_wconf 88' lang='lat' dir='ltr'>Peloponnesi</span> <span class='ocrx_word' id='word_1_243' title='bbox 1083 3459 1293 3539; x_wconf 88' lang='lat' dir='ltr'>imperium</span> <span class='ocrx_word' id='word_1_244' title='bbox 1387 3453 1391 3460; x_wconf 74' lang='grc'><strong>“</strong></span> 
     </span>
    </p>
   </div>
   <div class='ocr_carea' id='block_1_6' title="bbox 214 3555 1293 3950">
    <p class='ocr_par' dir='ltr' id='par_1_7' title="bbox 214 3555 1293 3950">
     <span class='ocr_line' id='line_1_32' title="bbox 215 3555 1292 3644; baseline 0.001 -24"><span class='ocrx_word' id='word_1_245' title='bbox 215 3560 393 3621; x_wconf 83' lang='lat' dir='ltr'>obtinuerat.</span> <span class='ocrx_word' id='word_1_246' title='bbox 439 3562 540 3622; x_wconf 85' lang='lat' dir='ltr'>Duces</span> <span class='ocrx_word' id='word_1_247' title='bbox 557 3555 759 3642; x_wconf 86' lang='lat' dir='ltr'>¹recuperandi</span> <span class='ocrx_word' id='word_1_248' title='bbox 784 3564 946 3644; x_wconf 88' lang='lat' dir='ltr'>imperii</span> <span class='ocrx_word' id='word_1_249' title='bbox 962 3564 1046 3622; x_wconf 88' lang='lat' dir='ltr'>fuere</span> <span class='ocrx_word' id='word_1_250' title='bbox 1069 3559 1093 3622; x_wconf 93' lang='lat' dir='ltr'>I.</span> <span class='ocrx_word' id='word_1_251' title='bbox 1117 3565 1180 3637; x_wconf 80' lang='lat'>2,3</span> <span class='ocrx_word' id='word_1_252' title='bbox 1205 3561 1292 3621; x_wconf 89' lang='lat' dir='ltr'>Pelo-</span> 
     </span>
     <span class='ocr_line' id='line_1_33' title="bbox 214 3661 1292 3745; baseline -0.001 -21"><span class='ocrx_word' id='word_1_253' title='bbox 214 3661 352 3742; x_wconf 87' lang='lat' dir='ltr'>ponnesii</span> <span class='ocrx_word' id='word_1_254' title='bbox 374 3661 532 3742; x_wconf 88' lang='lat' dir='ltr'>Megaram</span> <span class='ocrx_word' id='word_1_255' title='bbox 556 3698 596 3708; x_wconf 90' lang='lat'>·--</span> <span class='ocrx_word' id='word_1_256' title='bbox 618 3666 840 3727; x_wconf 90' lang='lat' dir='ltr'>condidere.</span> <span class='ocrx_word' id='word_1_257' title='bbox 885 3664 932 3726; x_wconf 85' lang='lat' dir='ltr'>Ea</span> <span class='ocrx_word' id='word_1_258' title='bbox 948 3670 1130 3744; x_wconf 81' lang='lat' dir='ltr'>tempestate</span> <span class='ocrx_word' id='word_1_259' title='bbox 1152 3668 1184 3725; x_wconf 89' lang='lat' dir='ltr'>et</span> <span class='ocrx_word' id='word_1_260' title='bbox 1197 3663 1292 3745; x_wconf 81' lang='lat' dir='ltr'>Tyria</span> 
     </span>
     <span class='ocr_line' id='line_1_34' title="bbox 215 3760 1293 3828; baseline 0.005 -6"><span class='ocrx_word' id='word_1_261' title='bbox 215 3764 322 3824; x_wconf 87' lang='lat' dir='ltr'>classis</span> <span class='ocrx_word' id='word_1_262' title='bbox 344 3760 447 3824; x_wconf 80' lang='lat' dir='ltr'>Gades</span> <span class='ocrx_word' id='word_1_263' title='bbox 470 3765 650 3826; x_wconf 87' lang='lat' dir='ltr'>condidit.</span> <span class='ocrx_word' id='word_1_264' title='bbox 696 3765 745 3825; x_wconf 90' lang='lat' dir='ltr'>Ab</span> <span class='ocrx_word' id='word_1_265' title='bbox 769 3766 876 3827; x_wconf 90' lang='lat' dir='ltr'>iisdem</span> <span class='ocrx_word' id='word_1_266' title='bbox 902 3803 937 3810; x_wconf 83' lang='lat'>--</span> <span class='ocrx_word' id='word_1_267' title='bbox 962 3764 1053 3828; x_wconf 85' lang='lat' dir='ltr'>Utica</span> <span class='ocrx_word' id='word_1_268' title='bbox 1074 3767 1221 3828; x_wconf 87' lang='lat' dir='ltr'>condita</span> <span class='ocrx_word' id='word_1_269' title='bbox 1237 3773 1293 3827; x_wconf 87' lang='lat' dir='ltr'>est</span> 
     </span>
     <span class='ocr_line' id='line_1_35' title="bbox 214 3863 1292 3950; baseline 0.001 -22"><span class='ocrx_word' id='word_1_270' title='bbox 214 3863 256 3930; x_wconf 88' lang='lat' dir='ltr'>H.</span> <span class='ocrx_word' id='word_1_271' title='bbox 281 3871 330 3942; x_wconf 84' lang='grc'>16,</span> <span class='ocrx_word' id='word_1_272' title='bbox 347 3871 374 3927; x_wconf 93' lang='grc'>3.</span> <span class='ocrx_word' id='word_1_273' title='bbox 420 3863 541 3946; x_wconf 83' lang='lat' dir='ltr'>Cujus</span> <span class='ocrx_word' id='word_1_274' title='bbox 569 3867 608 3928; x_wconf 92' lang='lat' dir='ltr'>de</span> <span class='ocrx_word' id='word_1_275' title='bbox 631 3868 794 3929; x_wconf 83' lang='lat' dir='ltr'>virtutibus</span> <span class='ocrx_word' id='word_1_276' title='bbox 810 3869 994 3932; x_wconf 84' lang='lat' dir='ltr'>Hortensius</span> <span class='ocrx_word' id='word_1_277' title='bbox 1010 3872 1149 3932; x_wconf 86' lang='lat' dir='ltr'>retulit.</span> <span class='ocrx_word' id='word_1_278' title='bbox 1195 3869 1292 3950; x_wconf 80' lang='lat' dir='ltr'>Cujus</span> 
     </span>
    </p>
   </div>
   <div class='ocr_carea' id='block_1_7' title="bbox 214 3969 1416 4048">
    <p class='ocr_par' dir='ltr' id='par_1_8' title="bbox 214 3969 1416 4048">
     <span class='ocr_line' id='line_1_36' title="bbox 214 3969 1416 4048; baseline 0.002 -18"><span class='ocrx_word' id='word_1_279' title='bbox 214 3969 261 4030; x_wconf 90' lang='lat' dir='ltr'>illi</span> <span class='ocrx_word' id='word_1_280' title='bbox 293 3969 414 4048; x_wconf 88' lang='lat' dir='ltr'>pietatis</span> <span class='ocrx_word' id='word_1_281' title='bbox 444 3989 472 4048; x_wconf 80' lang='lat' dir='ltr'>p.</span> <span class='ocrx_word' id='word_1_282' title='bbox 504 3969 541 4032; x_wconf 82' lang='lat' dir='ltr'>R.</span> <span class='ocrx_word' id='word_1_283' title='bbox 573 3971 702 4048; x_wconf 85' lang='lat' dir='ltr'>gratiam</span> <span class='ocrx_word' id='word_1_284' title='bbox 735 3972 880 4032; x_wconf 88' lang='lat' dir='ltr'>retulit</span> <span class='ocrx_word' id='word_1_285' title='bbox 901 3969 943 4033; x_wconf 90' lang='grc' dir='ltr'>Π.</span> <span class='ocrx_word' id='word_1_286' title='bbox 967 3975 1051 4046; x_wconf 84' lang='grc'>37,5</span> <span class='ocrx_word' id='word_1_287' title='bbox 1084 3977 1166 4048; x_wconf 84' lang='grc'>38,1</span> <span class='ocrx_word' id='word_1_288' title='bbox 1192 3974 1292 4033; x_wconf 85' lang='lat' dir='ltr'>facta</span> <span class='ocrx_word' id='word_1_289' title='bbox 1412 4003 1416 4012; x_wconf 79' lang='lat'><em>=</em></span> 
     </span>
    </p>
   </div>
   <div class='ocr_carea' id='block_1_8' title="bbox 216 4071 1291 4153">
    <p class='ocr_par' dir='ltr' id='par_1_9' title="bbox 216 4071 1291 4153">
     <span class='ocr_line' id='line_1_37' title="bbox 216 4071 1291 4153; baseline 0.001 -19"><span class='ocrx_word' id='word_1_290' title='bbox 216 4071 540 4151; x_wconf 86' lang='lat' dir='ltr'>eststipendiaria</span> <span class='ocrx_word' id='word_1_291' title='bbox 562 4106 601 4116; x_wconf 89' lang='lat'><em>-</em></span> <span class='ocrx_word' id='word_1_292' title='bbox 627 4072 893 4153; x_wconf 87' lang='lat' dir='ltr'>stipendiaria</span> <span class='ocrx_word' id='word_1_293' title='bbox 908 4075 987 4134; x_wconf 85' lang='lat' dir='ltr'>facta</span> <span class='ocrx_word' id='word_1_294' title='bbox 1002 4086 1057 4135; x_wconf 85' lang='lat' dir='ltr'>est.</span> <span class='ocrx_word' id='word_1_295' title='bbox 1082 4078 1131 4150; x_wconf 80' lang='lat'>99,</span> <span class='ocrx_word' id='word_1_296' title='bbox 1151 4082 1163 4136; x_wconf 94' lang='lat'>1</span> <span class='ocrx_word' id='word_1_297' title='bbox 1184 4075 1291 4135; x_wconf 82' lang='lat' dir='ltr'>brevi</span> 
     </span>
    </p>
   </div>
   <div class='ocr_carea' id='block_1_9' title="bbox 216 4168 1289 4260">
    <p class='ocr_par' dir='ltr' id='par_1_10' title="bbox 216 4168 1289 4260">
     <span class='ocr_line' id='line_1_38' title="bbox 216 4168 1289 4260; baseline 0.003 -24"><span class='ocrx_word' id='word_1_298' title='bbox 216 4174 423 4254; x_wconf 85' lang='lat' dir='ltr'>interjecto</span> <span class='ocrx_word' id='word_1_299' title='bbox 449 4175 580 4255; x_wconf 86' lang='lat' dir='ltr'>spatio</span> <span class='ocrx_word' id='word_1_300' title='bbox 602 4180 668 4253; x_wconf 76' lang='lat'>101,</span> <span class='ocrx_word' id='word_1_301' title='bbox 689 4183 700 4236; x_wconf 86' lang='lat'>1</span> <span class='ocrx_word' id='word_1_302' title='bbox 721 4176 814 4239; x_wconf 88' lang='lat' dir='ltr'>breue</span> <span class='ocrx_word' id='word_1_303' title='bbox 830 4168 1108 4240; x_wconf 87' lang='lat' dir='ltr'>intercesserat</span> <span class='ocrx_word' id='word_1_304' title='bbox 1131 4177 1289 4260; x_wconf 90' lang='lat' dir='ltr'>spatium</span> 
     </span>
    </p>
   </div>
   <div class='ocr_carea' id='block_1_10' title="bbox 0 0 1610 4666">
    <p class='ocr_par' dir='ltr' id='par_1_11' title="bbox 0 0 1610 4666">
     <span class='ocr_line' id='line_1_39' title="bbox 0 0 1610 4666; baseline 0 1"><span class='ocrx_word' id='word_1_305' title='bbox 0 0 1610 4666; x_wconf 95' lang='lat' dir='ltr'> </span> 
     </span>
    </p>
   </div>
  </div>
 </body>
</html>
