3210 4666
1223 251 1264 320 ll

200 445 356 514 ὑπατείαν
385 441 430 532 μὴ
461 451 538 514 δῶτε
560 453 609 534 ,τῷ
632 451 781 536 Καίσαρι,
811 456 908 518 τοῦτο
930 436 1024 522 tatae
1047 505 1052 518 .
1077 506 1081 515 .
1106 457 1159 519 καὶ
1183 459 1271 530 τέλος
1305 503 1306 506 ¹

199 548 216 617 ὁ
238 551 368 638 Καῖσαρ
394 549 545 636 δυνάμεις
571 549 679 637 λαβὼν
707 551 859 635 ὲπάὑτὴν
896 554 1023 641 ὥρμησε
1050 552 1110 637 τὴν
1136 554 1269 637 Patrono.

200 656 236 717 ot.
260 654 342 726 Suet.
368 662 415 720 26.
461 657 658 720 Consulatum
686 660 828 722 vicesimo
854 663 962 722 aetatis
986 681 1064 723 auno
1086 662 1199 726 invasit
1220 664 1267 723 ad-

200 751 289 818 motis
304 758 455 820 hostiliter
469 761 505 820 ad
523 761 627 822 urbem
643 763 814 841 legionibus
831 764 985 844 missique,
1008 765 1059 844 qui
1080 765 1136 825 sibi
1152 765 1271 826 nomine

200 861 352 921 exercitus
363 861 575 942 deposcerent;
599 883 667 924 cum
683 865 806 943 quidem
819 870 979 927 cunctante
992 870 1100 928 senatu
1113 863 1271 928 Cornelius

200 959 343 1024 Centurio
367 964 506 1046 princeps
530 966 699 1046 legationis,
724 969 836 1048 rejecto
859 970 968 1050 sagulo
990 970 1154 1031 ostendens
1177 968 1271 1050 gladii

200 1066 342 1146 capulum
363 1085 422 1126 uon
438 1067 608 1129 dubitasset
622 1070 653 1131 in
668 1071 750 1132 curia
765 1072 877 1134 dicere:
902 1071 961 1134 Hic
977 1073 1076 1148 faciet,
1099 1072 1124 1133 si
1141 1093 1194 1133 vos
1212 1091 1271 1132 non

199 1169 341 1231 feceritis,
363 1204 405 1214 -
428 1168 502 1251 Cap.
533 1171 576 1232 ΙΙ.
601 1178 640 1235 66
664 1173 708 1234 -de
731 1175 997 1255 proscriptionibus
1024 1175 1132 1254 egitur,
1163 1173 1272 1253 quibus

201 1291 383 1353 quamquam
399 1273 505 1352 primo,
521 1275 691 1351 uellerent,
708 1278 874 1338 reluctatus
890 1282 936 1338 est
949 1275 1143 1354 Octavianus,
1161 1280 1271 1352 tamen,

201 1376 305 1456 utpote
332 1375 430 1456 impar
459 1376 576 1438 duobus
599 1377 733 1457 collegis,
764 1379 904 1444 assentiri
927 1385 1048 1440 coactus
1071 1385 1126 1440 est.
1171 1377 1272 1441 Etiam

201 1476 488 1551 elocutionis
515 1480 676 1542 clementia
702 1501 771 1541 erim
799 1501 885 1542 usum
913 1503 983 1542 esse
1011 1483 1053 1542 ait
1082 1481 1133 1571 (τῇ
1155 1502 1188 1544 τε
1211 1473 1273 1564 γὰρ

202 1571 296 1665 φύσει
318 1573 375 1641 οὐκ
403 1570 489 1660 ὠμὸς
510 1565 579 1658 aiv„
604 1628 609 1640 .
633 1576 713 1668 πρὸς
734 1580 809 1646 aaa
838 1586 907 1656 νέος
929 1574 973 1646 o'iv
994 1583 1046 1646 καὶ
1070 1580 1144 1668 ἄρτι
1167 1586 1210 1658 εὶς
1232 1578 1274 1647 τὰ

201 1675 379 1767 πράγματα
406 1676 537 1766 παριών.
590 1682 703 1746 Contra
727 1685 888 1748 Suetonius
911 1697 1012 1748 narrat
1033 1688 1184 1767 inceptam
1206 1705 1274 1766 pro-

202 1786 393 1866 scriptionem
417 1806 486 1848 cum
509 1787 645 1849 acerbius
668 1808 758 1868 quam
783 1788 948 1851 Antonium
972 1795 1004 1850 et
1023 1789 1170 1870 Lepidum
1186 1809 1273 1850 exer·

202 1890 299 1950 cuisse
322 1893 353 1950 ot
374 1908 467 1968 quum
482 1889 527 1949 illi
543 1890 715 1952 exorabiles
731 1892 882 1952 interdum
903 1891 1023 1967 t'uerint,
1046 1893 1146 1951 solum
1162 1891 1274 1952 nemini

203 2011 241 2052 ne
264 1991 354 2052 tutori
377 1990 498 2070 quidem
522 2011 575 2052 suo
599 1990 726 2054 Toranio
749 1994 930 2075 pepercisse.
954 2029 993 2038 -
1018 1993 1142 2073 Pugnae
1161 1993 1274 2072 Philip-

198 2103 312 2174 'penses
327 2094 370 2154 ita
385 2099 572 2169 enarrantur,
590 2097 623 2154 ut
640 2094 761 2157 Antonii
775 2095 882 2156 merita
898 2097 1018 2157 silentio
1034 2098 1273 2176 praetereantur,

203 2195 323 2257 Octavii
346 2197 471 2257 veroin
494 2197 550 2256 hac
572 2217 676 2278 pugna
700 2216 827 2277 magnae
850 2203 952 2278 partes
975 2197 1071 2278 magis
1086 2198 1275 2258 affirmentur

203 2317 292 2377 quam
308 2301 468 2376 negentur,
492 2299 528 2359 ci.
551 2299 595 2360 ΙΙ,
621 2304 659 2361 70
682 2318 783 2375 cornu,
811 2301 859 2360 oui
878 2299 991 2362 Brutos
1007 2306 1154 2381 praeerat,
1176 2305 1276 2360 castra

203 2399 343 2462 Caesaris
365 2400 457 2480 cepit;
481 2420 549 2461 nam
572 2403 638 2481 ipse
661 2399 782 2475 Caesar,
806 2403 923 2462 etiamsi
946 2402 1167 2464 infirmissimus
1192 2402 1274 2462 vale-

203 2502 309 2562 tudine
340 2507 413 2577 erat,
444 2502 546 2564 obibat
575 2503 677 2562 munia
707 2503 800 2578 ducis,
831 2512 934 2564 oratus
966 2505 1057 2564 etiam
1087 2505 1124 2564 ab
1156 2504 1275 2565 Artorio

203 2605 328 2678 medico,
361 2624 400 2664 ne
424 2604 453 2665 in
476 2605 583 2665 castris
612 2606 767 2682 maneret).
824 2605 922 2666 Aliter
946 2604 1108 2667 Suetonius
1138 2625 1202 2687 cap.
1228 2611 1274 2668 13.

203 2706 399 2788 Philippense
421 2726 541 2787 quoque
564 2708 685 2782 bellum,
709 2725 891 2786 quamquem
906 2707 1059 2768 invalidus
1076 2713 1168 2788 atque
1184 2727 1276 2787 aeger

203 2809 316 2889 duplici
346 2811 460 2889 proelio
492 2811 649 2889 transegit,
684 2829 812 2888 quorum
834 2811 933 2890 priore
955 2810 1061 2871 castris
1085 2813 1196 2878 exutus
1221 2811 1275 2872 vix

203 2911 242 2971 ad
270 2911 393 2972 Antonii
426 2931 517 2973 cornu
551 2913 695 2992 confugit.
753 2913 808 2973 Dio
837 2917 886 2988 47,
910 2917 950 2974 46
980 2905 1033 2974 ὅτε
1066 2912 1119 2976 καὶ
1145 2910 1275 2995 Καῖσαρ

202 3009 399 3098 παραδόξως
425 3009 547 3092 ἐσώθη,
576 3005 640 3077 τῶν
663 3015 870 3100 ὶατρῶντινος
897 3007 978 3098 ὄναρ
1006 3010 1094 3097 αὐτῷ
1127 3007 1190 3098 πρὸ
1218 3015 1276 3090 τῆς

202 3111 309 3200 μάχης
321 3112 476 3193 εἰπόντος,
494 3117 620 3180 κελεῦον
636 3111 733 3198 αὐτῷ,
752 3117 926 3200 ingentiora
943 3117 1226 3203 τοῦστρατοπέὃου.
1240 3153 1274 3159 -

201 3219 319 3280 Deinde
334 3240 392 3280 non
408 3241 448 3282 ex
463 3240 559 3301 aequo
576 3221 716 3301 Vellejns
733 3221 771 3280 de
788 3219 861 3280 Sex.
878 3219 1022 3300 Pompejo
1035 3221 1159 3300 judicat.
1196 3217 1276 3278 Eum

202 3323 281 3382 enim
311 3329 370 3382 nou
399 3325 464 3384 sinc
493 3324 616 3403 ingenio
645 3324 749 3398 fuisse,
778 3321 854 3382 illud
878 3324 1025 3402 ,optimum
1055 3320 1154 3382 afferri
1177 3326 1277 3402 potest

202 3424 414 3502 testimonium,
448 3426 527 3505 qood
561 3426 722 3506 proscripti
753 3446 792 3486 ex
823 3423 977 3485 Brutianis
1009 3425 1115 3485 castris
1148 3424 1276 3502 aliisque

202 3529 349 3588 terrarum
362 3529 506 3607 partibus,
525 3529 578 3609 qui
594 3548 738 3609 praesens
751 3527 917 3608 periculum
931 3524 1108 3606 effugerant,
1124 3527 1162 3586 ad
1178 3527 1275 3605 ipsum

201 3629 410 3690 confluxerant
440 3649 495 3690 nec
525 3631 582 3691 hoc
613 3631 690 3690 duce
718 3630 908 3707 aliquantum
936 3629 1078 3708 temporis
1109 3626 1276 3687 Octaviano

200 3733 343 3792 resistcre
367 3733 547 3812 potuissent,
571 3733 596 3792 si
614 3751 687 3792 vera
703 3737 814 3808 essent,
838 3750 916 3810 quae
937 3730 979 3790 ΙΙ.
1002 3732 1086 3804 72,5
1110 3729 1276 3792 traduntur.

203 3833 345 3914 „Quippe
368 3835 485 3895 nullum
508 3834 690 3896 habentibus
706 3839 819 3894 statum
834 3833 964 3912 quilibet
983 3833 1046 3891 dux
1063 3836 1128 3891 erat
1142 3831 1278 3904 idoneus,

202 3955 269 3997 cum
293 3938 414 3996 fortuna
429 3957 488 3997 non
505 3937 683 3998 electionem
700 3937 786 3996 daret
799 3983 814 4009 ,·
839 3983 845 3997 .
869 3935 912 3996 Il.
931 3941 980 4008 73,
1007 3938 1084 3996 1«2
1102 3934 1277 3992 libertorum

202 4058 325 4098 suorum
348 4039 483 4114 libertus,
513 4059 669 4100 servorum
692 4057 809 4112 servus,
841 4037 985 4117 speciosis
1009 4035 1140 4109 invidus,
1169 4043 1202 4094 ut
1224 4034 1277 4092 hu·

201 4139 336 4201 utillimis
375 4141 523 4220 parerot“.
579 4140 629 4202 Ex
662 4140 768 4203 eodem
807 4139 937 4222 partium
971 4138 1069 4202 studio
1107 4136 1275 4216 profectum
