3210 4666
317 235 362 308 tu

307 442 422 520 proelio
453 461 521 502 eum
550 441 592 502 ait
614 440 729 520 fugisse
756 459 791 500 ao
818 439 883 499 siue
910 439 1125 518 paludamento
1152 459 1290 518 equoque
1312 442 1381 519 post

307 542 431 604 biduum
453 543 575 603 demum
592 543 775 623 apparuisse,
800 541 938 620 sequenti
955 543 1028 602 satis
1044 545 1192 617 oonstare,
1217 561 1274 602 nou
1291 543 1378 602 modo

307 643 401 720 dueis,
435 643 489 703 sed
523 644 613 706 etiam
645 643 747 706 militis
777 643 913 703 fanetum
946 661 1070 703 munere
1100 648 1191 723 etque
1220 643 1251 704 in
1281 644 1380 706 media

306 757 410 826 pugna
438 745 597 824 aquilifero
634 745 761 824 legionis
798 745 934 825 graviter
962 745 1062 806 sauoio
1092 745 1225 825 aquilam
1256 746 1379 808 humero

308 848 436 912 subiisse
460 849 572 927 diuque
589 850 735 928 portasse.
772 848 829 910 Dio
845 867 904 910 uon
918 847 1018 914 solum
1034 845 1192 908 Ootaviani
1215 849 1269 908 sed
1289 848 1379 910 etiam

307 950 425 1012 Pansae
456 957 486 1011 et
509 950 600 1010 Hirtii
631 951 774 1010 virtutem
804 949 945 1010 laudibus
975 947 1069 1024 effert,
1108 951 1188 1010 tanet
1217 969 1288 1011 vero
1320 969 1380 1010 una

307 1071 374 1115 utrm
406 1053 525 1132 Vellejo
556 1053 594 1112 de
624 1031 752 1128 rumore,
783 1053 869 1132 eujus
901 1051 1084 1112 mentionem
1113 1052 1228 1114 fatiunt
1257 1050 1379 1114 Tacitus

307 1157 386 1229 (anu.
410 1153 433 1214 Ι.
455 1156 504 1230 10)
527 1160 558 1216 et
573 1153 735 1216 Suetonius
753 1159 801 1226 10,
825 1151 984 1216 Octaviani
1001 1171 1093 1234 opera
1106 1153 1238 1216 Pansam
1260 1172 1378 1218 veneno

306 1257 498 1318 interfectum
526 1275 602 1318 esse.
635 1292 668 1300 —-
703 1256 804 1325 Quum
833 1256 993 1336 optimates
1022 1255 1179 1318 Ootaviani
1210 1257 1378 1331 eonsilium,

306 1378 406 1422 rerum
429 1359 565 1438 potiundi
581 1359 818 1440 perspexissent,
842 1357 937 1420 Bruto
955 1358 1172 1434 Macedoniam,
1196 1357 1302 1422 Cassio
1320 1357 1378 1440 Sy·

308 1463 383 1524 riam
407 1463 616 1538 decreverunt,
641 1460 769 1522 Sextum
793 1461 1032 1542 Pompejumqne
1055 1461 1146 1522 olassi
1167 1463 1380 1543 praefecerunt

306 1566 486 1644 legatosque
504 1565 631 1644 «insuper
655 1563 809 1641 miserunt,
832 1564 884 1644 qui
906 1564 984 1624 elam
1007 1564 1083 1634 mres
1098 1563 1267 1625 exereitum
1288 1564 1378 1644 largi-

307 1667 438 1728 tionibus
468 1666 506 1726 ad
535 1665 736 1726 defeotionem
765 1667 970 1728 sollicitarent.
1022 1665 1092 1736 Qua
1118 1667 1156 1726 de
1179 1686 1215 1753 re
1239 1666 1378 1746 Vellejus

307 1769 428 1851 quidem
460 1771 544 1842 635
568 1769 643 1828 haee
665 1769 771 1829 refert:
810 1788 868 1830 non
897 1772 959 1829 tam
981 1768 1118 1847 ingratus
1147 1769 1204 1830 fuit
1226 1767 1378 1830 exereitus

307 1861 397 1951 q'uanr
420 1876 554 1946 senatus,
584 1888 652 1930 nam
676 1889 832 1930 eamearn
858 1869 999 1950 injuriam
1022 1870 1240 1933 dissimulando
1264 1868 1378 1932 Caesar

306 1974 408 2048 ferret,
432 1974 623 2053 negaverunt
644 1971 765 2046 milites,
790 1972 855 2034 sine
878 1972 1059 2052 imperatore
1081 1973 1145 2032 ulla
1167 1993 1200 2033 ss
1223 1971 1377 2034 audituros

308 2096 377 2138 esse
407 2075 556 2138 mandata.
609 2075 665 2136 Dio
695 2093 767 2134 vero
798 2077 848 2149 46,
872 2079 911 2136 37
942 2075 1081 2151 affirmat,
1111 2074 1223 2136 milites
1251 2075 1379 2155 peonnis

307 2181 397 2239 antea
419 2181 575 2257 corruptos
597 2196 776 2257 responsum
792 2177 864 2238 dare
886 2177 996 2239 uetitos
1019 2197 1096 2238 esse.
1118 2212 1159 2222 -
1186 2174 1379 2256 Quapropter

304 2280 366 2360 jam
392 2279 580 2358 optimatium
602 2299 694 2341 eausa
715 2280 821 2340 reliota
844 2280 1018 2342 societatem
1042 2299 1109 2341 oum
1131 2278 1246 2359 Lepido
1270 2281 1301 2339 et
1315 2277 1377 2338 dn-

308 2382 387 2443 tonio
418 2381 492 2455 iniit,
526 2382 576 2462 qui
605 2388 674 2461 post
701 2382 817 2442 oladem
847 2382 1051 2444 Mutinensem
1081 2401 1151 2444 suas
1181 2382 1281 2463 eopias
1310 2401 1377 2442 oum

307 2483 414 2564 Lepidi
429 2484 565 2546 exercitu
586 2485 795 2564 conjunxerat,
815 2504 875 2564 quo
890 2484 1009 2546 facilius
1024 2485 1092 2560 (Dio
1105 2488 1154 2561 46,
1171 2488 1222 2556 48)
1239 2482 1376 2546 Cassium

308 2586 496 2666 Brutumque
519 2587 642 2648 tolleret
662 2587 770 2667 hisque
792 2586 945 2667 oppressis
971 2587 1070 2667 ipsum
1092 2587 1259 2648 Antonium
1282 2587 1377 2647 adori-

307 2691 396 2750 retur.
442 2689 487 2750 De
516 2689 573 2749 boe
602 2689 793 2750 triumviratu
820 2689 863 2750 ita
885 2693 986 2749 narrat
1011 2689 1158 2770 Vellojns,
1188 2696 1222 2749 ut
1251 2708 1310 2748 non
1339 2686 1377 2746 ab

307 2790 473 2852 Octaviano
506 2791 560 2850 sed
593 2791 631 2852 ab
662 2791 791 2852 Antonio
820 2791 886 2871 ejus
916 2793 960 2851 rei
988 2792 1114 2853 consilia
1141 2791 1276 2871 profesta
1309 2810 1377 2850 esse

306 2894 476 2971 uideantur,
492 2894 529 2956 ef.
542 2896 591 2969 65,
608 2900 632 2955 1.
657 2893 805 2954 Antonius
821 2892 1003 2954 admonebat
1015 2894 1193 2974 perlitteras
1204 2891 1376 2966 Caesarem,

307 3015 396 3080 quam
416 2992 558 3058 ¹inimicae
580 2997 638 3076 ipsi
661 2995 862 3076 Pompejanae
885 2999 989 3075 partes
1008 2995 1107 3058 forent
1129 2999 1159 3056 et
1173 2995 1204 3055 in
1220 2995 1299 3074 quod
1312 2995 1376 3075 jam

308 3098 505 3160 emersissent
526 3099 690 3179 fastigium,
719 3097 896 3177 quibuscum
920 3115 990 3157 snas
1014 3097 1094 3158 vires
1121 3097 1328 3178 conjungeret,
1351 3097 1377 3158 si

307 3200 402 3280 ipsius
413 3201 601 3261 concordiam
614 3198 791 3280 negligeret.
828 3196 952 3262 Certum
967 3204 1068 3262 autem
1081 3205 1128 3260 est
1139 3219 1178 3260 ex
1194 3199 1269 3281 App.
1285 3204 1313 3274 2,
1327 3205 1376 3275 96,

222 3369 224 3374 ,
307 3301 509 3368 Octavianum
531 3303 569 3364 ab
586 3302 715 3364 Antonio
730 3301 904 3363 societatem
920 3301 1108 3382 impetrasse.
1153 3301 1269 3362 Eodem
1288 3297 1376 3362 modo

307 3405 364 3466 Dio
383 3405 500 3485 judicat
522 3409 572 3484 46,
588 3409 636 3467 43.
660 3403 712 3468 καὶ
735 3396 815 3491 πρὸς
831 3395 888 3467 τὸν
908 3398 1081 3468 ’Λντώνιον
1096 3403 1149 3470 καὶ
1165 3396 1377 3468 τὸνΛέιτιὸον

308 3499 1375 3594 ἐπεκηρυκεύσατολάθρα,εὶςὃιαλλαγὰςαύτοὺςπροσκαλούμενος.

308 3611 426 3672 Deinde
459 3630 517 3670 non
550 3611 616 3671 sine
649 3611 830 3673 adulationis
863 3612 963 3674 taedio
995 3615 1086 3688 65‚4
1115 3613 1189 3672 haeo
1218 3610 1375 3691 leguntur:

307 3715 517 3789 ‚‚oonsulatnm
533 3713 646 3777 Caesar
666 3715 762 3795 pridie
782 3735 872 3795 quam
889 3715 996 3796 viginti
1017 3733 1112 3775 annos
1132 3713 1279 3794 implerit,
1301 3713 1376 3776 iniit

308 3815 358 3878 Ex
383 3817 478 3878 Dione
501 3817 581 3877 enim
604 3819 635 3877 et
657 3813 801 3880 Suetonio
824 3819 897 3881 satis
920 3832 1024 3878 notum
1047 3820 1102 3893 est,
1132 3816 1190 3877 hoo
1212 3835 1322 3876 manns
1339 3816 1375 3878 ab

308 3940 343 3981 oo
366 3919 397 3980 vi
420 3921 572 4000 arreptum
588 3939 665 3996 osse,
688 3921 724 3982 of.
742 3921 796 3982 Dio
814 3925 863 3996 46,
880 3924 919 3982 43
934 3922 1069 4008 πέμψας
1083 3910 1164 4006 πρὸς
1180 3910 1240 3995 τὴν
1253 3909 1377 4000 βουλὴν

308 4015 508 4110 στρατιώτας
531 4017 686 4086 ὑπατείαν
707 4015 784 4112 ᾔτει,
809 4023 867 4100 τῆς
885 4021 918 4085 δὲ
939 4014 984 4102 μὴ
1005 4015 1163 4098 διδούσης,
1187 4015 1232 4095 εἷς
1247 4042 1296 4093 τις
1313 4020 1376 4083 τῶν

309 4126 514 4212 στρατιωτῶν
532 4119 642 4214 ἥψατο
659 4125 716 4189 τοῦ
737 4123 850 4214 ξίφους
872 4125 924 4188 καὶ
947 4118 1044 4200 εἶπεν,
1067 4118 1118 4190 ὅτι
1141 4117 1182 4188 ἄν
1205 4120 1293 4205 ὑμεῖς
1316 4115 1376 4202 τὴν
