3210 4666
301 193 325 263 8

302 398 450 472 Mummii,
480 397 513 460 L.
543 394 665 468 Aemilii
693 395 802 473 Paulli,
836 395 923 459 ilarii
952 395 1162 478 descriptione,
1191 401 1301 471 tamen,
1329 401 1366 458 ut

302 501 433 565 concedo
450 497 773 574 Windhausero⁶l
791 499 872 580 (pag.
888 501 927 575 4),
950 499 1035 560 illum
1051 499 1184 580 prudeus
1207 502 1301 578 atque
1321 499 1365 559 iu·

303 603 446 682 telligens
465 601 612 683 judicium
627 601 735 662 tulisse
758 601 797 662 de
810 599 979 681 insignibus
993 602 1055 664 illis
1074 600 1157 677 nima,
1180 621 1255 681 quos
1271 602 1366 662 libera

301 725 352 766 res
373 704 495 786 publiea
515 703 636 778 tulerat,
657 703 701 764 ita
712 703 876 782 imaginem
898 704 1040 766 historiae
1055 703 1211 766 Romanae
1227 725 1285 766 non
1301 705 1365 766 sine

303 814 368 869 arte
390 814 480 887 atque
502 805 622 884 ingenio
645 805 853 866 adumbratam
875 824 943 866 ease
964 807 1147 886 negauerim.
1190 804 1285 886 Cujus
1300 807 1366 868 vitii

303 928 423 971 oausam
453 909 522 970 hine
544 907 755 987 explicandam
777 928 846 969 esse
862 908 976 988 judico,
1004 911 1086 990 quod
1115 913 1146 971 et
1167 929 1271 973 eorum
1298 930 1365 972 oon·

302 1013 462 1074 suetudine
484 1011 633 1085 utebatur,
656 1027 674 1072 a
696 1010 804 1090 quibus
826 1031 875 1072 rea
897 1011 1018 1091 publica
1038 1012 1313 1088 administrabatur,
1336 1014 1367 1076 st

302 1115 490 1199 proventione
506 1115 626 1174 demum
646 1115 745 1174 aetate
755 1113 869 1176 ‘litteris
885 1114 1030 1191 incubuit,
1052 1134 1088 1176 ao
1103 1135 1141 1176 uc
1155 1117 1220 1176 tum
1234 1117 1366 1196 quidam,

214 1213 215 1220 ’
303 1236 396 1298 quum
424 1217 552 1278 Romam
580 1214 678 1290 rediit,
708 1216 829 1279 assidue
858 1215 948 1297 atque
975 1220 1099 1280 strenue
1128 1221 1233 1298 utpote
1261 1217 1366 1280 aulicis

303 1319 532 1381 oblectamentis
564 1317 736 1397 impeditus,
768 1320 824 1381 scd
851 1320 894 1380 ita
923 1322 1048 1396 tantum,
1081 1324 1116 1381 ul
1144 1320 1257 1382 otiosae
1286 1321 1368 1384 ritae

303 1443 424 1484 cursum
448 1422 485 1483 iis
508 1421 705 1502 dispungeret
726 1422 757 1481 et
778 1422 918 1496 variaret,
944 1423 1078 1484 intentus
1101 1423 1194 1484 fuisse
1216 1422 1367 1503 putandus

302 1528 358 1587 est.
392 1557 431 1568 -
463 1523 533 1594 Qua
571 1541 603 1584 re
643 1528 744 1584 tamen
780 1525 928 1584 maculam
961 1525 1171 1606 gravissimam
1208 1525 1368 1600 contraxit,

302 1628 483 1702 adulatione,
507 1625 615 1686 mirum
638 1627 692 1699 est,
716 1626 794 1704 quod
819 1627 936 1688 etiamsi
949 1626 1015 1688 'viri
1037 1627 1116 1688 doeti
1137 1627 1208 1688 iude
1230 1628 1267 1690 ab
1290 1647 1368 1690 anno

301 1725 427 1805 Maca,
454 1747 513 1808 quo
536 1727 625 1788 aditio
653 1727 793 1808 princeps
817 1728 885 1789 libri
907 1728 1029 1808 Velleji‚
1051 1730 1153 1791 codice
1175 1729 1369 1792 Murbaoeusi

303 1832 435 1912 quinque
449 1829 536 1892 annia
551 1832 621 1890 ante
635 1829 768 1906 invento,
790 1831 821 1891 iu
843 1833 943 1892 lucem
957 1832 1074 1912 prolata
1089 1837 1144 1910 est,
1168 1833 1368 1909 consentiunt,

303 1935 458 2014 Vellejum
481 1933 667 1994 adulatorem
689 1930 796 2009 esse,⁷)
818 1934 905 1994 multi
927 1941 996 2013 post
1009 1934 1295 2013 Morgenstcrnlum,
1318 1936 1370 2016 qui

302 2039 418 2118 primus
442 2034 555 2114 Velleji
576 2035 718 2096 defensor
741 2033 897 2111 exstitit,⁸)
919 2037 949 2096 id
973 2043 1110 2114 egerunt,
1133 2043 1166 2097 ut
1188 2039 1369 2101 adulationis

300 2141 412 2201 crimen
436 2138 552 2200 diluere
574 2139 762 2200 conarentur.
806 2133 849 2200 Ut
870 2139 1042 2214 concedam,
1070 2141 1246 2220 scriptorem
1269 2141 1370 2221 aliqua

302 2264 339 2304 cx
361 2244 448 2322 parte
470 2238 609 2300 excusari
630 2258 729 2320 posse,
753 2243 785 2301 et
806 2239 886 2318 quod
900 2240 966 2319 ipse
982 2239 1100 2302 Tiberio
1120 2244 1215 2304 multa
1228 2243 1368 2319 debebat,

302 2349 334 2406 et
361 2362 415 2425 pro
445 2343 588 2404 universa
608 2342 716 2402 aetatis
746 2341 856 2416 indole,
886 2361 946 2421 qua
974 2361 1047 2406 vera
1069 2345 1151 2424 loqui
1173 2344 1369 2424 scriptoribus

301 2447 502 2528 periculosum
525 2448 599 2520 erat,
621 2448 722 2504 tamen
744 2462 800 2504 nec
815 2462 883 2504 eum
905 2441 1098 2526 nonnullis,⁹)
1121 2446 1324 2507 adulationem
1339 2447 1368 2506 in

302 2549 457 2630 Vellejum
485 2566 545 2608 non
568 2547 680 2608 eadere
703 2545 896 2610 statuendum
918 2550 975 2623 est,
1003 2565 1058 2608 uec
1080 2567 1115 2608 eo
1138 2548 1282 2610 audaciae
1303 2567 1369 2629 pro·

302 2651 510 2732 gradiendum,
545 2650 580 2708 ut
608 2647 727 2710 Stahrio
764 2650 886 2708 auctore
922 2648 1060 2708 omnibus
1094 2649 1155 2708 fide
1184 2650 1370 2729 dignissimis

303 2753 499 2834 scriptoribus
521 2753 729 2832 anteponatur.
774 2748 877 2829 Atque
898 2749 928 2810 in
951 2750 987 2810 iis
1009 2749 1141 2829 quidem,
1164 2771 1242 2831 quae
1265 2752 1302 2813 ad
1322 2749 1370 2813 ui-

302 2991 504 3003 ,.,-....-.....-.

387 3128 413 3193 ⁰)
430 3123 463 3179 O.
482 3121 679 3192 Windhensar,
700 3123 766 3192 quid
786 3123 820 3178 de
837 3122 942 3192 VelleJi
963 3121 1108 3180 Paterculi
1130 3123 1183 3178 lida
1202 3123 1230 3178 iu
1249 3122 1285 3178 iia
1303 3123 1371 3179 locis

303 3209 350 3278 qui
369 3209 402 3264 ad
420 3206 528 3264 Tiberii
546 3219 637 3264 morea
657 3213 785 3278 spectant
803 3207 991 3266 statuendum.
1026 3207 1129 3277 Neusa,
1150 3207 1226 3263 1867.

279 3351 284 3366 ·
388 3332 413 3397 ²)
429 3329 600 3386 Kreusius
624 3331 692 3398 prol.
716 3329 750 3386 ad
768 3329 840 3385 Vell.
859 3345 920 3400 pag.
948 3330 1055 3384 31-41.
1103 3329 1278 3400 Sauppins
1301 3346 1371 3385 eom-

303 3415 438 3474 meutatio
458 3414 492 3470 dc
509 3415 619 3484 Vellej0
638 3413 786 3471 Paterculo
810 3413 839 3470 iu
857 3413 954 3470 Museo
974 3414 1066 3470 Purie.
1085 3431 1108 3470 a.
1128 3416 1203 3484 1837,
1226 3415 1281 3470 vol.
1299 3414 1325 3470 I.
1344 3415 1370 3484 2,

303 3517 367 3570 pag.
387 3500 529 3556 133-180.
564 3499 726 3556 Kritzius
745 3499 850 3570 proleg.
870 3499 904 3554 ad
922 3500 994 3556 Veli.
1014 3516 1075 3571 pag.
1094 3499 1201 3558 XXIV.
1221 3515 1259 3569 sq.

387 3622 414 3690 ⁰)
431 3619 625 3676 commentatio
649 3618 746 3674 critica
764 3619 797 3674 de
815 3618 868 3674 fide
890 3617 1025 3676 historica
1041 3618 1146 3688 Velleji
1164 3619 1307 3676 Paterculi
1324 3620 1372 3676 im-

302 3705 400 3775 primis
419 3706 453 3762 dc
471 3704 630 3762 adulatione
650 3703 677 3759 ei
695 3702 803 3772 objecta
821 3703 898 3758 1798.

389 3828 414 3894 ⁹)
431 3825 467 3881 cl.
491 3825 522 3881 J.
541 3815 673 3881 vossium
691 3825 726 3880 de
747 3824 814 3882 hist.
832 3825 882 3880 lat.
901 3824 926 3879 I.
945 3827 988 3882 24.
1007 3825 1133 3894 Lipsium
1151 3825 1180 3882 in
1198 3827 1286 3896 prael.
1305 3841 1372 3896 pag.

303 3911 372 3967 VH.
392 3927 451 3980 seq.
471 3912 515 3967 ed.
534 3911 682 3968 Ruhnken.
718 3909 867 3967 Heinsium
889 3909 991 3966 ibidem
1009 3927 1074 3982 pag.
1093 3911 1205 3968 XVIH.
1225 3927 1266 3980 sq.
1302 3912 1372 3967 Bur-

304 4013 432 4054 manuum
457 3997 525 4054 ibid.
544 4015 610 4068 pag.
633 3996 743 4054 XXXI.
779 3996 940 4052 druentium
961 3997 991 4053 iu
1009 3998 1134 4068 opuscul.
1154 3993 1288 4066 philolog.
1308 3998 1372 4055 crit.

303 4099 369 4155 pag.
388 4086 420 4139 91
440 4087 469 4139 et
486 4083 515 4139 in
534 4085 621 4156 praef.
641 4085 675 4142 ad
694 4084 809 4142 Sueten.
829 4099 893 4154 pag.
913 4083 965 4138 VI.
