3210 4666
1248 271 1293 342 ll

223 465 390 548 disciplinis
414 469 553 530 exercuit
573 503 615 512 —
638 491 737 550 neque
761 473 921 552 quisquam
945 475 1117 553 elegantius
1133 477 1297 539 intervalla

222 571 411 648 negotiorum
436 572 605 652 dispunxit,
633 592 814 654 semperque
837 578 891 637 aut
913 576 987 638 belli
1009 580 1062 640 eut
1083 579 1167 659 panis
1189 580 1297 640 serviit

222 675 346 736 artibus.
369 707 411 718 —-
435 673 479 736 II.
502 677 588 749 225
611 674 723 738 Postea
744 676 774 736 id
797 695 919 757 quoque
941 679 1078 757 eooessit,
1100 685 1134 742 ut
1148 681 1295 743 saevitiae

222 795 344 838 eausam
364 776 493 838 avaritie
515 776 675 856 praeberet
698 781 729 839 et
743 779 850 843 modus
866 780 974 860 eulpae
989 801 1029 841 ex
1045 783 1191 862 pecuniae
1205 783 1294 844 mode

221 878 465 955 constitueretur,
489 884 520 939 et
542 881 593 958 qui
616 880 725 940 fuisset
739 881 885 962 locuples,
907 881 995 942 lieret
1014 883 1085 943 inde
1101 903 1222 962 noeens,
1246 887 1296 946 sui

221 981 351 1061 quisque
365 982 492 1061 periculi
507 1000 623 1042 meroes
639 982 717 1042 foret
732 1003 831 1062 neque
847 984 1008 1062 quiequam
1024 984 1181 1047 videretur
1195 989 1294 1067 turpe,

219 1084 301 1162 qued
324 1085 407 1144 esset
429 1085 656 1161 quaestuosum.
700 1083 743 1146 Il.
767 1087 816 1146 33.
833 1084 1038 1166 3·Pumpejus
1061 1087 1091 1148 in
1114 1089 1294 1169 appetendis

220 1185 386 1246 honeribus
400 1185 588 1261 immodicus,
611 1185 800 1264 ingerendis
817 1187 1102 1263 verecundissimus,
1126 1190 1225 1270 utqui
1241 1209 1294 1250 eus

221 1288 421 1349 libentissime
443 1289 542 1363 iniret,
568 1288 610 1347 ita
631 1286 733 1347 liniret
748 1307 844 1366 aeque
865 1289 973 1362 animo,
998 1294 1029 1349 et
1050 1310 1127 1369 quos
1150 1292 1293 1373 cupisset,

220 1391 342 1452 arbitrio
372 1410 426 1450 sue
456 1393 600 1463 sumeret,
637 1388 735 1450 aliene
766 1389 939 1470 deponeret.
974 1393 1011 1454 ei.
1045 1393 1180 1473 reliquos
1210 1393 1293 1454 loeos

220 1491 329 1552 Kritaii
350 1509 442 1571 opera
464 1491 607 1551 collectos
630 1491 716 1570 (prol.
739 1487 839 1550 LVII.
862 1494 928 1570 sq).
943 1526 984 1536 -

305 1594 453 1672 Magnum
479 1593 589 1671 Velleji
611 1597 659 1652 est
673 1593 908 1672 hyperbolarum
926 1595 1069 1672 studium,
1092 1613 1221 1676 quarum
1235 1615 1293 1655 usu

220 1715 286 1755 oum
310 1696 456 1757 aliatum
479 1713 584 1754 eorum
609 1696 684 1768 laus,
707 1715 782 1774 quos
806 1693 972 1757 admiretur
986 1717 1153 1777 eorumque
1174 1697 1292 1776 uitupe-
1351 1757 1354 1762 .

219 1799 305 1874 ratio,
317 1817 393 1876 quos
406 1801 595 1877 aspernetur,
609 1815 669 1855 non
681 1771 747 1856 sine
759 1798 896 1858 veritatis
908 1799 1043 1878 periculo
1055 1801 1291 1879 exaggerantur.

220 1900 290 1960 Hue
318 1901 472 1979 pertinent
502 1898 668 1958 lunationes
698 1899 789 1980 hujus
816 1899 909 1960 modi:
942 1898 1103 1979 Homerus,
1133 1903 1186 1980 qui
1208 1902 1291 1961 solus

219 2005 308 2082 poeta
331 2000 479 2082 appellari
506 2002 616 2064 meruit
638 1997 663 2060 Ι.
686 2005 750 2076 5‚3
774 2003 940 2062 Aemilium
964 2002 1092 2064 Paulum
1119 2005 1150 2064 iu
1174 2006 1291 2064 tuntum

219 2103 413 2180 laudandum,
436 2105 466 2164 iu
495 2108 642 2184 quantum
665 2104 762 2163 uirtus
784 2104 915 2184 intelligi
942 2110 1042 2186 potest
1063 2103 1088 2167 1.
1112 2111 1175 2181 9,3
1199 2105 1292 2167 tantis

219 2211 342 2266 ornatus
364 2207 536 2280 uirtutibus,
560 2209 689 2284 quantas
711 2205 846 2266 mortalis
869 2207 999 2268 conditio
1020 2207 1129 2288 resipit
1150 2207 1194 2267 11.
1218 2209 1246 2282 2,
1265 2213 1291 2266 1.

220 2307 295 2370 Catu
318 2308 407 2370 homo
423 2309 537 2369 Virtuti
556 2307 728 2368 simillimus
752 2305 796 2369 ll.
820 2311 903 2383 35,2
927 2309 1091 2389 Pompejus
1115 2327 1169 2389 per
1191 2307 1292 2368 emnia

218 2411 369 2470 fortunam
396 2410 526 2470 hominis
553 2429 696 2488 egressus
724 2407 766 2468 II.
791 2412 841 2485 40,
858 2415 885 2472 2.
934 2409 1086 2473 Antistius
1114 2412 1145 2471 in
1172 2414 1290 2473 tautum

218 2512 325 2588 bonus,
341 2513 370 2571 in
387 2517 533 2592 quantum
546 2511 678 2572 humana
689 2511 866 2591 simplieitas
878 2513 1008 2592 intelligi
1023 2516 1125 2594 petest
1141 2513 1183 2574 11.
1200 2516 1250 2588 43,
1261 2515 1289 2580 4.

218 2613 307 2676 Circa
321 2612 458 2674 Alesiam
481 2617 584 2676 tentes
603 2633 652 2674 res
667 2617 784 2692 gestae,
807 2621 936 2692 quantas
952 2616 1063 2676 audere
1080 2615 1134 2676 vix
1149 2617 1289 2692 heminis,
1325 2662 1327 2667 .

218 2717 364 2798 perficere
393 2735 490 2797 paene
520 2713 634 2778 nullius
666 2717 724 2777 nisi
754 2717 803 2777 dei
832 2717 923 2778 fuerit
954 2716 998 2779 Π.
1021 2721 1072 2794 47,
1090 2722 1117 2779 2.
1169 2718 1293 2780 Amissa

216 2830 313 2881 mater
342 2839 397 2900 per
426 2820 527 2881 omnia
556 2820 621 2880 deis
650 2837 743 2898 quam
770 2805 948 2880 hominibus
962 2819 1090 2880 similior
1111 2820 1225 2882 semine
1249 2820 1291 2880 ll.

219 2925 288 2998 130,
304 2927 331 2984 4.
387 2921 521 2982 Rutilius
543 2941 603 2982 nou
633 2921 746 2981 saeculi
769 2920 826 2995 sui,
855 2921 910 2980 sed
940 2920 1036 2983 omnis
1064 2923 1133 2983 aevi
1160 2923 1291 3002 optimus

160 3003 164 3012 '
215 3023 260 3086 u.
285 3028 334 3100 rs,
351 3029 379 3084 e.
403 3057 444 3066 »-
466 3021 551 3084 uiuu
574 3023 628 3085 ue
650 3021 995 3099 eiaterensem)
1018 3023 1185 3086 neutrius
1208 3043 1291 3104 mag-

215 3125 386 3188 nifieeutius
410 3126 520 3187 alarius
543 3125 600 3186 fuit
624 3125 667 3186 ll.
692 3127 786 3202 512,
809 3157 848 3167 -
874 3123 985 3185 Elueet
1012 3145 1084 3187 uero
1108 3125 1156 3187 hio
1179 3126 1290 3207 hyper·

215 3231 352 3290 bolarum
379 3247 464 3289 amor
491 3229 583 3289 etiam
606 3247 646 3287 ex
675 3247 731 3286 usu
760 3226 976 3287 vocabulorum
999 3229 1196 3308 quorundam.
1242 3227 1291 3290 lta

154 3380 160 3396 i
215 3335 400 3412 usurpantur
433 3331 666 3412 „praeiulgere“
704 3330 916 3411 „praenitere“
954 3329 1062 3390 eodem
1095 3349 1197 3405 sensu,
1231 3350 1291 3408 quo

215 3434 360 3494 indicere:
381 3452 491 3495 causae
507 3434 701 3514 praefulgent
715 3433 836 3493 nemine
851 3431 876 3493 Ι.
895 3436 943 3508 14,
959 3435 977 3492 2
1003 3431 1044 3492 ΙΙ.
1069 3435 1118 3508 39,
1136 3436 1152 3492 2
1175 3430 1290 3492 deflere

214 3556 327 3597 :non
350 3537 415 3596 sine
444 3554 581 3596 maerore
611 3553 761 3596 enarrare.
814 3532 903 3596 Nune
933 3553 1051 3594 summa
1080 3533 1221 3594 deflenda
1242 3537 1290 3593 est

215 3635 259 3699 ll.
283 3642 366 3716 67,1
393 3640 496 3712 119,1
532 3637 672 3698 eoelestis
695 3655 749 3718 pro
772 3636 903 3697 eximius
919 3634 962 3695 Π.
987 3638 1071 3714 64,2
1095 3639 1179 3712 66,3
1204 3637 1289 3710 94,2

218 3743 321 3816 104,3
345 3740 476 3820 denique
499 3759 539 3798 ex
561 3738 756 3818 superlativis
783 3738 936 3798 nonnullis
966 3735 1055 3797 nimis
1078 3736 1289 3816 frequentetis,

216 3841 473 3903 eminentissimus
500 3841 612 3922 legitur
638 3836 663 3902 Ι.
689 3845 772 3916 12,3
802 3845 885 3914 16‚2
913 3836 954 3900 ΙΙ.
981 3843 1063 3914 17,3
1093 3843 1177 3916 22,2
1202 3843 1289 3914 lae

216 3947 300 4017 71,2
325 3947 373 4022 72,
389 3948 407 4005 3
433 3947 517 4020 75,2
541 3946 591 4020 99,
612 3951 623 4003 1
653 3949 722 4019 101,
738 3947 756 4003 2
780 3947 850 4016 121,
867 3947 884 4003 3
908 3945 977 4016 130,
992 3945 1010 4002 5
1026 3939 1289 4020 magnificentissi-

215 4065 283 4106 mus
311 4043 353 4107 II.
383 4050 422 4107 29
450 4051 475 4121 1,
492 4049 542 4120 40,
566 4049 584 4106 3
608 4048 692 4120 56‚l
719 4048 823 4121 100,2
852 4045 954 4120 125,5
978 4043 1220 4122 fulgentissimus
1246 4038 1288 4101 ΙΙ.

215 4152 299 4224 39,1
325 4151 374 4222 64,
391 4152 409 4210 3
434 4151 483 4222 71,
502 4153 527 4206 1.
555 4181 587 4188 -
607 4146 700 4207 alliud
719 4149 963 4207 ornamentorum
978 4145 1141 4224 aucupium
1155 4143 1289 4203 cernitur

1084 4243 1102 4294 2
