3210 4666
219 303 224 312 ·
325 278 347 343 4

323 481 475 562 publicata
497 485 568 556 erat,
599 499 888 561 enpnsusurncuru
908 481 959 541 alii
973 483 1037 540 111111
1054 501 1109 560 ego
1125 482 1208 542 sensi
1223 481 1266 543 II.
1284 485 1353 555 12¹,
1369 486 1387 542 3

323 581 508 664 Triumphus
531 582 655 659 (Tiberii
678 571 707 644 a.
727 585 800 680 165)
822 603 914 680 quem
935 582 1008 642 mihi
1030 583 1176 663 fratrique
1198 584 1278 644 inter
1303 603 1387 663 prae-

322 685 425 766 cipuos
437 686 665 766 praecipuisque
678 679 764 746 donis
776 686 936 746 adornatos
947 684 1083 745 comitari
1094 685 1220 764 contigit
1232 685 1275 746 Il.
1287 689 1356 761 124,
1369 691 1387 748 4

322 807 380 868 quo
403 787 598 868 temporala.
621 788 695 864 767)
716 787 789 848 mihi
816 787 962 866 fratrique
988 807 1054 848 meo
1079 834 1084 847 .
1108 837 1114 848 .
1138 788 1283 849 destinari
1303 807 1388 869 prae-

321 891 435 952 toribus
458 886 604 973 contigit].

405 991 479 1054 Post
488 996 661 1074 praeturam
672 996 791 1073 gestam
803 1009 862 1052 non
875 990 934 1052 alio
945 990 1101 1072 Vellejum
1113 1011 1237 1053 munere
1254 992 1387 1054 iunctum

320 1115 397 1174 esse,
429 1115 469 1158 ex
492 1096 611 1156 silentio
638 1095 801 1177 scriptoris,
835 1113 925 1172 quern
952 1113 1012 1154 non
1034 1094 1100 1156 sine
1122 1095 1237 1156 laetitia
1259 1095 1388 1176 quadem

321 1197 359 1258 de
387 1197 482 1279 ipsius
511 1199 602 1260 rebus
632 1201 847 1262 memorantem
877 1195 1025 1272 videmus,
1059 1197 1301 1258 concludendum
1328 1201 1386 1272 est;

318 1299 395 1360 illud
417 1301 518 1360 tamen
542 1299 706 1362 verisimile
729 1304 784 1376 est,
809 1319 879 1361 eum
901 1299 938 1362 ab
962 1318 996 1361 eo
1016 1302 1160 1380 ternpore,
1183 1320 1243 1380 quc
1258 1300 1388 1362 Romam

317 1401 417 1476 rediit,
450 1402 560 1464 litteris
593 1421 714 1486 operam
746 1402 877 1463 dedisse.
921 1400 1056 1464 Primum
1079 1401 1159 1462 enirn
1182 1407 1263 1464 recte
1287 1404 1389 1464 docuit

318 1503 462 1582 Kritaius‚
485 1504 645 1580 neminem,
668 1505 726 1564 nisi
748 1504 917 1568 litterarum
937 1503 1105 1564 studiosum
1125 1505 1204 1565 intra
1224 1523 1387 1584 paucorum

319 1605 466 1666 mensium
489 1607 621 1686 spatium
642 1606 704 1668 tale
726 1625 801 1686 opus
823 1625 913 1688 posse
936 1607 1131 1666 conscribere.
1176 1607 1293 1670 Deinde
1308 1607 1387 1670 litte-

318 1726 419 1770 rarum
450 1726 533 1768 amor
563 1709 662 1768 elucet
684 1727 724 1768 ex
746 1708 792 1784 iis,
823 1725 901 1786 quae
923 1707 997 1768 locis
1019 1708 1172 1770 nonnullis
1196 1709 1233 1769 de
1256 1710 1388 1788 egregiis

318 1806 503 1870 Graecorum
532 1812 562 1870 et
585 1809 790 1876 Romanorum
820 1810 1015 1890 scriptoribus
1042 1810 1177 1890 disputat
1198 1809 1235 1887 (1.
1259 1815 1287 1890 3,
1311 1811 1335 1873 I.
1359 1816 1387 1887 5,

320 1911 344 1972 Ι.
368 1918 396 1989 7,
419 1911 445 1974 Ι.
469 1916 518 1988 16,
540 1910 566 1974 Ι.
592 1915 705 1988 17,18,
728 1910 772 1974 II.
789 1915 817 1988 9,
842 1911 885 1974 II.
902 1913 964 1989 36),
986 1917 1051 1973 tum
1074 1933 1114 1974 ex
1129 1913 1253 1976 consilio
1268 1913 1388 1993 saepius

319 2016 560 2086 commemorato,
590 2014 689 2094 operis
711 2015 834 2095 majoris
857 2015 987 2077 ambitus
1010 2016 1226 2092 conscribendi,
1255 2015 1286 2076 id
1308 2016 1388 2095 quod

319 2115 425 2176 lectori
441 2134 511 2177 ,non
534 2115 644 2177 totiens
671 2117 820 2196 potuisset
843 2119 1026 2195 annunciem,
1051 2119 1109 2181 nisi
1132 2119 1202 2180 huic
1222 2119 1266 2179 rei
1288 2119 1320 2180 in
1343 2138 1388 2181 ar·

246 2259 249 2267 ·
319 2219 463 2296 gumento
486 2219 643 2282 tractando
662 2225 828 2302 occupatus
847 2220 964 2284 fuisset.
986 2221 1023 2282 ef.
1046 2221 1164 2298 1148,
1188 2225 1206 2283 5
1229 2221 1279 2282 nbi
1296 2221 1388 2283 initiis

319 2319 393 2381 belli
416 2319 513 2380 civilis
535 2320 614 2382 inter
636 2319 816 2404 Pompejum
839 2325 870 2383 et
886 2319 1048 2388 Gaesarem
1070 2325 1256 2386 memoratis:
1281 2323 1388 2386 harum

318 2422 610 2507 praeteritorumque
632 2442 733 2486 rerum
756 2425 837 2501 ordo,
860 2425 967 2504 inquit,
990 2444 1057 2485 cnm
1077 2425 1168 2505 justis
1191 2425 1316 2486 aliorum
1338 2443 1389 2486 vo·

319 2524 482 2587 luminibus
508 2528 678 2606 promatur,
712 2530 785 2601 tum,
823 2527 867 2588 uti
903 2547 1001 2607 spere,
1034 2527 1145 2590 nostris
1179 2527 1388 2607 explicabitur.

320 2625 363 2688 II.
380 2630 429 2702 96,
454 2631 471 2688 2
488 2626 526 2688 de
550 2628 645 2708 primo
661 2629 742 2690 bello
765 2627 946 2706 Pannonico,
970 2629 1013 2692 ΙΙ.
1038 2633 1087 2706 99,
1104 2635 1122 2691 3
1139 2649 1232 2711 quum
1249 2627 1387 2691 Tiberius

320 2729 462 2790 Rhodum
477 2730 634 2792 secederet
649 2730 692 2792 11.
718 2735 787 2807 103,
804 2735 823 2792 4
839 2725 877 2792 de
893 2729 1005 2793 Tiberii
1028 2733 1197 2812 adoptione,
1221 2732 1264 2795 Il.
1284 2736 1353 2808 114,
1371 2735 1390 2792 4

320 2831 357 2890 de
381 2832 514 2894 secundo
537 2831 619 2895 bello
634 2831 816 2910 Pannonico,
839 2833 882 2896 II.
908 2839 977 2910 119,
994 2841 1009 2897 1
1028 2833 1066 2895 de
1084 2835 1170 2896 clade
1187 2834 1325 2898 Variana.
1349 2870 1390 2880 -

320 2931 380 3004 oui
414 2933 471 2994 loci
504 2952 618 3011 omnes,
652 2956 745 3016 quum
780 2937 819 2998 ad
850 2941 986 3018 tempora
1011 2937 1180 3000 recentiora
1208 2939 1389 3018 pertineant,

319 3035 487 3096 rectissime
517 3036 548 3098 in
576 3036 633 3098 huc
655 3039 844 3118 potissimum
867 3057 969 3100 rerum
988 3039 1193 3101 Romanorum
1215 3045 1301 3120 parte
1324 3059 1390 3100 ver·

232 3218 237 3228 ·
319 3140 419 3198 saturn
452 3155 521 3198 eum
554 3157 623 3199 esse
645 3141 814 3221 conjicitur;
856 3141 942 3222 cujus
971 3142 1139 3204 sententiae
1163 3142 1298 3204 110011011
1322 3143 1390 3202 leve

320 3239 437 3300 aceedit
466 3247 688 3320 argumentum,
716 3245 868 3324 quadres
890 3264 986 3324 usque
1008 3245 1046 3306 ad
1068 3244 1150 3306 bella
1172 3244 1273 3306 ciuilia
1295 3245 1332 3305 ab
1355 3263 1391 3306 eo

321 3345 488 3422 tanguntur
515 3344 645 3423 quodam
674 3347 771 3424 modo,
799 3352 862 3408 turn
885 3365 958 3408 vero
984 3346 1098 3426 majore
1120 3345 1278 3426 diligentia
1300 3350 1391 3427 atque

320 3445 461 3507 ubertate
487 3444 687 3525 explicantur.
732 3446 890 3516 Quomodo
912 3451 1014 3510 antem
1035 3448 1149 3510 factum
1172 3448 1220 3526 sit,
1242 3453 1277 3508 ut
1300 3447 1391 3528 hujus

321 3547 444 3628 majoris
459 3548 559 3628 operis
580 3548 654 3611 nihil
675 3549 713 3611 ad
733 3570 789 3612 nos
808 3550 983 3632 pervenerit
1002 3569 1101 3632 neque
1117 3551 1276 3631 quicquam
1292 3568 1391 3630 gram·

322 3650 423 3714 matici
450 3653 759 3729 commemoraverint,
787 3671 841 3734 pro
871 3659 953 3716 certo
975 3652 1118 3716 affirmari
1145 3653 1258 3734 nequit,
1288 3671 1391 3734 quarn-

320 3772 414 3836 quam
443 3752 587 3828 Kritzius,
616 3757 713 3815 morte
742 3774 811 3816 eum
843 3755 1001 3835 abreptum
1029 3755 1207 3835 impeditum
1234 3775 1303 3816 esse
1326 3773 1391 3816 sus-

322 3856 448 3940 picatur,
481 3855 641 3934 quominus
668 3858 826 3920 consilium
859 3877 946 3918 suum
974 3863 1204 3937 exaequaretur,
1238 3855 1391 3937 Sauppins

323 3957 443 4018 omnino
466 3963 567 4036 negat,
590 3960 668 4020 serio
687 3980 757 4020 eum
779 3962 817 4022 de
833 3963 1038 4042 componendo
1053 3964 1110 4024 istc
1127 3981 1217 4042 opere
1233 3963 1390 4042 cogitasse.

323 4059 413 4131 Quod
443 4061 481 4122 de
511 4065 606 4123 morte
629 4061 743 4142 Velleji
766 4063 944 4126 Dudwellus
973 4066 1004 4126 i'n
1034 4065 1195 4126 annalibus
1223 4063 1391 4144 Vellejanis

323 4162 351 4251 ς.
367 4167 416 4225 30.
431 4163 595 4240 constituit,
620 4184 688 4226 eum
704 4171 827 4246 propter
842 4166 956 4244 laudea,
980 4167 1089 4248 quibus
1105 4165 1250 4248 Sejannm
1270 4167 1391 4242 extulit,
